3462 5110
465 347 507 444 56
592 367 719 420 casca
744 367 1052 420 cnucroauonou
1077 363 1362 420 Rununuouum.

373 620 431 668 ηις
460 604 637 768 pmatum¹
663 589 760 662 seculi
784 616 861 662 cum
877 591 966 662 varia
990 588 1179 686 supellediilr'
1202 589 1237 660 in
1268 587 1488 684 superhabun-

484 724 586 769 ancia.

509 806 635 878 Civitas
652 805 715 877 hec
727 828 835 901 preter
847 804 1028 876 naturalem
1045 801 1138 876 situm
1150 804 1228 896 loci,
1247 829 1315 900 quo
1332 805 1488 896 muniuit,
1582 859 1584 863 -

459 912 578 1008 triplici
594 913 736 1010 cingitur
752 937 858 1002 muro,
877 910 1014 982 turribus
1031 911 1167 984 latericis
1185 911 1342 982 multis&
1358 912 1488 1008 magnis

458 1018 626 1091 fortissime
650 1018 789 1108 firmata,
817 1019 915 1091 clavis
932 1021 966 1089 δι
983 1020 1185 1090 antemurale
1205 1020 1304 1090 totius
1321 1019 1436 1116 Egypti
1453 1020 1488 1088 ὅ(

457 1126 540 1196 inter
558 1151 675 1197 terram
688 1127 797 1196 Gesen
815 1127 849 1195 ὃ(
866 1150 1002 1220 campos
1014 1124 1168 1196 Thaneos
1185 1124 1251 1196 fita.
1268 1127 1326 1197 lsta
1343 1127 1388 1196 est
1405 1151 1488 1197 terra
1501 1139 1697 1200 V·‚f·13r⁰‚0·1·

457 1233 567 1303 Gesen
583 1233 742 1329 pascualis
758 1235 792 1304 ὅ(
816 1230 990 1323 uberrima,
1013 1259 1115 1328 quam
1130 1236 1298 1329 pecierunt
1314 1231 1370 1324 filij
1390 1231 1487 1304 lacob

1723 1589 1724 1632 r

457 1364 476 1409 a
493 1338 669 1431 Pharaone,
695 1365 773 1436 rege
790 1339 915 1436 Egypti.
938 1341 1103 1429 Damiata‚
1121 1340 1232 1412 inclita
1248 1342 1281 1411 in
1302 1341 1421 1438 regnis,
1441 1340 1487 1410 sa·

456 1447 549 1516 mosa
566 1446 706 1517 multum
722 1449 757 1517 in
773 1443 921 1543 superbia
938 1443 1123 1537 Babylonis,
1141 1449 1174 1517 in
1192 1448 1273 1518 mari
1289 1446 1489 1520 dominatrix

457 1552 714 1642 christianorum,
743 1554 908 1650 spoliatrix
931 1556 966 1624 in
992 1552 1119 1624 accessu
1144 1555 1388 1651 persecutorum
1413 1555 1487 1624 suo·

455 1689 538 1752 rum,
561 1688 620 1758 per
641 1687 763 1758 paucas
785 1663 819 1732 ὅ(
840 1659 989 1732 modicas
1010 1661 1110 1732 scalas
1134 1661 1381 1757 comprehensa,
1400 1687 1488 1732 nunc

455 1769 624 1840 humiliata
648 1770 692 1840 est
713 1765 769 1839 sub
796 1770 924 1864 potenti
942 1794 1041 1839 manu
1059 1770 1122 1840 Dei
1132 1771 1184 1861 ἃ,
1201 1768 1360 1858 adultero,
1387 1795 1488 1864 quem

455 1874 512 1948 diu
537 1876 675 1967 tenuisti,
699 1873 834 1946 tandem
850 1877 1013 1971 proie6lo‚
1040 1877 1165 1948 reversa
1182 1876 1227 1947 est
1244 1874 1288 1946 ad
1305 1899 1487 1947 amatorem

455 1985 564 2056 Tuum
582 1983 726 2079 priorem
742 1985 787 2068 &‚
809 2008 873 2077 que
890 1983 978 2078 prius
993 1983 1193 2079 parturiebas
1209 1983 1346 2080 spurios,
1368 1982 1487 2054 abhinc

454 2090 620 2190 legitimos
637 2091 742 2186 paries
759 2087 852 2160 filios.
880 2087 1092 2161 Achonienfis
1111 2091 1282 2186 episcopus
1299 2091 1367 2160 iam
1383 2117 1422 2161 ex
1437 2090 1486 2158 Te

455 2199 639 2268 animarum
663 2197 828 2292 primicias
847 2198 922 2267 Deo
943 2197 1090 2268 solvit&
1107 2196 1259 2292 parvulos
1275 2199 1364 2267 Tuos
1380 2198 1486 2268 eciam

456 2309 554 2376 morti
585 2306 755 2400 proximos
787 2306 823 2373 ὃ(
855 2301 1057 2400 baptismatis
1094 2303 1182 2375 unda
1215 2304 1486 2377 sacramentaliter

455 2409 670 2483 emundando
686 2410 798 2483 vitales
818 2409 969 2481 reddidit.
987 2410 1208 2508 Multipliciter
1220 2413 1370 2482 Tuorum
1388 2412 1484 2484 scele·
1498 2431 1563 2494 Β.,ρ.
1576 2445 1630 2491 240,
1641 2449 1659 2479 c.
1675 2447 1695 2479 1.

453 2545 527 2589 rum
556 2543 656 2614 penas
682 2516 851 2604 exsolvisti,
881 2543 957 2587 cum
978 2516 1098 2612 absque
1125 2521 1181 2610 eis,
1207 2519 1263 2613 qui
1288 2520 1322 2589 in
1344 2522 1394 2590 Te
1419 2520 1485 2593 vivi
1723 2597 1724 2604 ἶ

453 2627 536 2716 sunt,
567 2622 790 2720 comprehensi
808 2649 869 2696 xxx
894 2624 1139 2696 interfeslorum
1164 2626 1253 2696 milia
1278 2626 1331 2698 vel
1347 2626 1486 2722 amplius

456 2755 698 2829 computantur,
719 2756 803 2826 quos
816 2728 878 2801 five
892 2731 977 2801 ferro
991 2731 1044 2804 vel
1054 2733 1133 2828 igne
1146 2731 1294 2827 perculfit
1308 2734 1484 2821 Dominus,

455 2839 626 2935 spurcicias
646 2839 681 2908 in
707 2839 756 2908 Te
776 2835 962 2909 commissas
984 2836 1026 2909 de
1047 2861 1155 2910 cetero
1180 2836 1375 2936 dedignatus
1399 2840 1486 2909 susti·

455 2971 541 3018 nere.
555 2943 710 3016 Gaudeat
722 2945 822 3040 igitur
835 2944 1018 3017 universalis
1031 2943 1163 3016 ecclesa
1175 2972 1238 3042 pro
1251 2945 1306 3016 tali
1318 2945 1485 3042 triumpho

454 3076 562 3149 grates
579 3051 721 3123 reserens
738 3053 825 3142 Deo,
849 3052 906 3145 qui
922 3049 987 3122 vite
1003 3054 1038 3121 &
1052 3052 1166 3122 mortis
1183 3050 1281 3122 babet
1299 3053 1484 3148 imperium,

455 3156 508 3227 cui
525 3157 568 3228 est
585 3157 705 3248 honor,
723 3158 822 3231 virtus
835 3161 870 3228 δε
887 3159 1043 3255 potencia
1059 3180 1117 3253 per
1133 3156 1260 3230 infinita
1276 3159 1383 3230 secula
1396 3158 1485 3229 lecu-

452 3261 580 3337 loruml
605 3267 724 3338 Amen.

493 3452 502 3484 1
520 3433 550 3485 V.
560 3445 745 3484 ornamentum.
