3466 5110
444 397 751 451 CRUCIGERORUM
776 396 1060 450 RHENANORUM.
1223 396 1265 475 33

237 622 411 714 victorum,
424 619 607 710 asserentes,
623 620 881 694 candidissimam
894 623 1009 710 aciem,
1032 645 1142 691 cruces
1155 617 1269 692 rubeas
1315 640 1374 685 1217

237 754 398 827 gerentes,
413 731 546 802 suorum
559 753 722 801 catervam
735 729 769 801 in
784 729 898 826 sugam
910 724 1114 800 convertisse.
1141 727 1271 822 Insuper

237 839 273 908 ἃ
292 837 397 936 galee,
424 863 504 934 quas
519 862 579 935 per
596 861 686 907 mare
702 859 818 906 contra
830 835 956 906 nostros
969 832 1181 924 adduxerant,
1198 833 1271 904 sunt

238 943 361 1044 fugate,
372 945 589 1042 relinquentes
603 945 717 1016 nostris
730 969 845 1040 equos,
856 941 1072 1014 kemmelinos
1085 944 1119 1013 &
1132 941 1272 1012 tentoria

238 1076 316 1122 cum
325 1075 394 1123 tota
404 1051 614 1149 suppelleclili
623 1052 687 1122 sua.
702 1064 712 1096 ¹
725 1048 855 1122 Deinde
864 1049 977 1136 nostri,
991 1051 1113 1120 comite
1127 1044 1271 1119 Girardo

238 1159 366 1254 semper
379 1157 473 1248 duce,
494 1157 536 1230 ad
553 1158 685 1229 insultus
702 1182 872 1229 murorum
889 1156 962 1227 sunt
978 1154 1102 1243 reverfi,
1123 1157 1158 1227 &
1173 1157 1270 1226 inter·

239 1264 316 1336 festi
338 1266 411 1336 sunt
437 1290 506 1346 tam
530 1265 573 1337 de
607 1264 781 1336 christianis
806 1289 906 1358 quam
935 1262 978 1334 de
1004 1264 1196 1353 Sarracenis,
1223 1261 1272 1331 isti

237 1369 411 1468 lapidibus,
429 1371 476 1443 illi
493 1373 625 1470 sagittis.
644 1373 710 1442 Hic
728 1371 877 1442 Westsali
893 1372 929 1441 δι
946 1370 1089 1442 Saxones
1107 1371 1198 1440 suam
1216 1394 1272 1439 au·

239 1476 369 1550 daciam
386 1505 478 1550 more
496 1479 554 1549 suo
574 1475 800 1574 profuderunt,
819 1480 854 1547 ἃ
870 1477 1063 1567 Rhenenses,
1085 1477 1221 1574 ingenio
1237 1477 1273 1546 ἃ

238 1586 327 1655 facio
348 1609 417 1656 non
432 1589 583 1682 impares,
596 1582 639 1655 ad
651 1611 725 1655 eam
738 1584 869 1657 viriliter
878 1581 1113 1675 convolabant,
1127 1581 1272 1653 Nusfien-

240 1687 321 1762 fium
339 1707 499 1788 quoque²
514 1691 612 1788 clipei
629 1688 687 1761 sub
704 1688 778 1761 alba
796 1715 891 1762 cruce
909 1692 992 1763 rosei
1009 1691 1042 1760 in
1060 1715 1155 1762 muro
1172 1690 1272 1760 succi·

240 1797 356 1869 dendo
371 1822 441 1869 non
458 1797 630 1870 modicum
644 1797 717 1869 sunt
728 1794 857 1868 incensi.
872 1799 1042 1870 Erexerunt
1059 1798 1165 1869 eciam
1175 1797 1273 1867 nostri

239 1905 451 1977 instrumenta
475 1904 624 2002 diligenti
639 1902 746 1974 studio
764 1904 907 1995 inventa,
919 1918 931 1965 ³
945 1931 1008 2000 que
1025 1903 1068 1976 de
1083 1902 1236 1976 heuenho
1257 1915 1274 1961 4

241 2034 480 2108 nuncupantur.

289 2119 388 2192 Circa
420 2119 537 2191 festum
565 2145 645 2192 vero
679 2115 842 2191 Undecim
866 2117 993 2188 Milium
1017 2118 1193 2216 Virginum
1214 2111 1418 2214 perornan.

241 2221 378 2296 fossores
395 2226 513 2298 cecidit
531 2227 630 2298 altera
648 2226 750 2297 turris.
769 2226 865 2295 Tunc
876 2223 1014 2296 demum
1030 2225 1188 2320 perterriti
1201 2224 1273 2294 ⁵in-

241 2330 350 2403 felices
362 2332 407 2404 illi
420 2334 557 2405 castrum
569 2331 791 2422 reddiderunt,
805 2329 919 2402 dantes
932 2332 963 2402 se
976 2334 1010 2403 &
1024 2332 1127 2404 suain
1140 2330 1272 2404 manus⁶

242 2441 492 2537 peregrinorum
505 2467 546 2512 eo
558 2445 670 2538 pasto,
689 2436 917 2537 quodsmguli,
932 2437 1072 2511 totidem
1085 2439 1273 2514 christianos

33 2567 72 2626 v,
83 2567 99 2614 f.
111 2580 123 2628 3
133 2571 200 2626 vac.
209 2579 231 2612 ι.
244 2543 285 2616 de
298 2549 487 2643 captivitate
503 2548 683 2635 restitutori,
702 2548 804 2619 vitam
817 2545 1022 2617 redimerent.
1042 2546 1104 2617 Sed
1119 2545 1273 2620 dominus

33 2677 97 2739 u.‚p.
110 2690 166 2736 ιη,
180 2691 199 2722 e
210 2689 232 2722 α.
243 2653 345 2743 castri,
368 2650 460 2725 Abur
477 2653 592 2747 didius,
611 2678 688 2725 cum
705 2650 848 2750 pluribus
864 2649 1038 2747 ‚obsidibus
1054 2653 1149 2751 super
1173 2661 1273 2753 pasto

243 2758 415 2832 servando*
430 2763 573 2859 acceptis
595 2758 793 2858 baptismum
808 2760 918 2858 peciit,
944 2784 1006 2830 nec
1023 2759 1125 2858 longe
1141 2763 1215 2860 post
1239 2767 1274 2836 in

244 2891 387 2940 errorem
402 2868 570 2964 pristinum
594 2869 638 2940 est
654 2868 805 2940 reversus.
834 2871 966 2939 lnvente
983 2866 1056 2937 sunt
1073 2867 1106 2938 in
1124 2868 1189 2941 hoc
1206 2872 1273 2942 cas-

244 2996 295 3044 tro
313 2996 382 3044 tam
398 2974 442 3046 de
460 2976 535 3049 viris
553 3001 654 3071 quam
671 2974 713 3046 de
730 2975 932 3065 mulieribus,
960 2976 1102 3072 parvulis
1119 2978 1154 3048 &
1170 2980 1274 3048 maio·

244 3076 342 3172 ribus,
365 3083 491 3153 circiter
512 3083 572 3154 tria
588 3082 677 3154 milia
695 3085 843 3179 persone,
862 3108 926 3179 que
943 3108 1059 3155 omnes
1076 3086 1275 3157 venumdate

243 3186 316 3259 sunt
328 3191 363 3260 ἃ
378 3189 463 3260 inter
474 3190 664 3288 peregrinos
676 3192 808 3287 partite,
827 3189 881 3260 hic
897 3215 916 3260 a
930 3191 1039 3262 matris
1053 3187 1151 3263 ubere
1168 3191 1274 3264 infans

244 3291 288 3364 est
308 3319 430 3391 raptus,
459 3297 649 3393 &sponsus
670 3323 690 3367 a
710 3296 837 3393 sponsa,
864 3320 963 3392 prout
983 3297 1051 3368 sors
1070 3296 1214 3390 distavit,
1231 3299 1275 3370 est

217 3427 219 3434 ¹
244 3396 372 3473 divisus.
398 3401 470 3473 Nec
492 3399 947 3499 [putamus]⁷omittendum,
973 3402 1065 3498 quod
1083 3402 1218 3500 quidam
1236 3431 1275 3476 ex

244 3505 429 3597 christianis,
454 3508 599 3588 ,odorem
623 3509 705 3582 lucri
731 3511 897 3602 secrantes,
926 3533 1042 3582 contra
1066 3509 1275 3584 interdistum

245 3639 356 3685 muros
376 3615 656 3706 transcenderunt,
681 3641 838 3714 purpuras
860 3642 937 3688 cum
954 3619 1153 3689 ornamentis
1171 3621 1275 3691 aureis

244 3723 279 3792 ἃ
313 3723 476 3818 argenteis
507 3721 725 3794 distrahentes.
752 3722 816 3795 Sed
842 3722 1078 3796 admonitione
1105 3722 1161 3796 sub
1188 3752 1275 3824 pena

244 3830 603 3901 excommunicacionis
616 3829 712 3921 satta,
729 3826 856 3929 singuli,
875 3829 969 3926 quod
986 3856 1173 3929 rapuerant,
1192 3857 1275 3904 retu·

285 4121 294 4152 1
312 4104 341 4155 V.
356 4102 493 4172 superlesli.
507 4123 567 4154 -ι
581 4105 731 4172 V.quorum.
831 4122 844 4170 5
864 4106 893 4156 V.
907 4103 1033 4174 preteriti,
1052 4105 1078 4156 B.
1094 4104 1221 4172 prererriti.
1242 4135 1276 4143 —

246 4209 280 4220 ·-
296 4199 309 4248 3
325 4184 354 4234 V.
367 4182 474 4234 iuvesta.
492 4212 527 4221 —
545 4201 562 4247 4
581 4184 611 4236 V.
626 4181 731 4235 heveho.
795 4183 1274 4246 6V.manum.-7VacuuminV.&B.

1138 4291 1151 4357 ‘5
