3462 5110
546 318 586 370 IN
604 317 804 370 OBSIDIONE
822 316 1020 371 DAMIATE.
1234 320 1271 400 15
1281 317 1298 397 ς

266 540 370 609 satum
384 538 538 612 nostrum.
553 538 692 636 Quanto
704 562 816 615 autem
829 539 932 608 acrius
947 564 1007 608 nos
1025 537 1298 635 expugnabamus
1317 572 1375 618 1219

267 647 443 736 civitatem,
469 667 561 720 tanto
585 644 657 740 plus
683 643 740 740 ipfi
761 643 804 716 ab
826 646 967 716 exercitu
986 644 1112 719 soldani
1131 671 1300 743 expugna-

267 747 390 824 bamur.
410 751 487 822 Hoc
502 750 624 825 bellum
641 752 701 822 fuit
718 750 899 823 biduanum
912 777 988 827 cum
1008 777 1162 847 quattuor
1177 752 1298 834 oceisrs.

267 861 301 926 ln
319 855 439 928 fuffato
464 883 574 930 autem
599 859 700 954 aliqui
723 857 765 928 de
783 859 897 928 nostris
924 861 1044 932 mortui
1073 859 1218 950 fuerunt3
1247 859 1299 952 alij

265 963 342 1059 igne
366 961 537 1053 combusti,
566 965 618 1055 alij
643 963 805 1060 lapidibus
829 963 949 1055 obruti,
976 965 1028 1056 alij
1054 963 1220 1057 decollati,
1247 965 1299 1057 alij

265 1069 386 1167 sagittis
406 1070 527 1143 confixi
552 1073 632 1144 sunt.
663 1069 812 1170 Qidam
830 1096 940 1145 autent
958 1074 1162 1158 Sarracenus,
1189 1074 1299 1143 exiens

266 1173 307 1246 de
325 1178 464 1268 civitate,
489 1178 596 1250 retulit
611 1179 717 1265 nobis,
745 1177 837 1274 quod
854 1181 938 1250 intra
955 1181 1120 1250 civitatem
1133 1180 1215 1248 inter
1231 1180 1300 1250 vul·

265 1306 395 1355 neratos
420 1287 455 1355 &
480 1309 627 1356 mortuos
646 1286 828 1380 computati
858 1284 986 1360 fuerunt
1005 1285 1178 1381 plusquam
1195 1287 1300 1355 ostin-

265 1392 365 1485 genti.
392 1391 455 1483 Alij
483 1417 603 1484 autem,
628 1391 670 1462 de
695 1392 772 1462 foris
791 1393 968 1480 venientes,
999 1393 1146 1487 quintam
1173 1416 1300 1488 partem

264 1495 396 1570 illorum
434 1524 501 1570 tam
530 1499 705 1569 hominum
732 1525 832 1594 quam
858 1526 1021 1595 equorum
1039 1501 1192 1592 occisam,
1220 1498 1299 1572 alle·

266 1629 406 1675 ruerunt.
975 1659 979 1676 .

314 1711 441 1782 XXXII.
468 1715 584 1782 lterum
608 1715 757 1810 precepit
783 1712 939 1786 dominus
960 1713 1097 1811 legatus,
1126 1714 1170 1786 ad
1190 1717 1300 1787 menia

266 1818 401 1889 civitatis
419 1817 543 1891 trahere
560 1843 675 1892 cattos,

484 2036 535 2102 ‘De
543 2036 676 2125 secundo
693 2040 830 2104 civitatis
847 2041 1079 2129 oppugnatione.

315 2252 411 2348 {gitur
425 2249 542 2344 quinto
559 2248 692 2320 decimo
710 2249 861 2322 calendas
875 2253 1010 2348 Augusti
1029 2249 1213 2324 trahebatur
1231 2278 1296 2322 cat·
1309 2277 1352 2323 m.
1366 2279 1401 2326 18.

265 2379 414 2426 tutunus
438 2354 482 2425 ad
501 2353 666 2429 foliatum.
695 2356 809 2453 Egressi
836 2380 947 2427 autem
964 2358 1083 2454 Pagani
1101 2383 1179 2428 cum
1196 2385 1297 2429 manu

264 2461 371 2532 valida
389 2462 474 2532 sexta
488 2461 569 2532 hora
587 2461 662 2552 diei,
684 2460 864 2534 deferentes
882 2463 974 2560 ligna
986 2467 1020 2534 &
1031 2464 1156 2562 ignem,
1174 2489 1298 2537 cattum

263 2568 409 2640 nostrum
419 2569 559 2640 ferreum
568 2593 804 2657 cremaverunt,
819 2569 860 2642 de
874 2573 964 2642 cuius
977 2571 1145 2642 amiffione
1155 2575 1298 2643 maxime

264 2673 426 2746 doluimus
444 2702 515 2764 nos,
535 2679 570 2746 δε
586 2678 671 2746 intus
689 2677 830 2748 maxime
846 2675 1100 2749 letabantur'illi.

313 2895 363 2958 Ue
379 2896 473 2960 tercio
490 2897 708 2986 expugnatione
725 2891 896 2961 &adventu
917 2897 1109 2985 Pogonorum
1129 2896 1244 2962 ot‘lovo.

311 3103 449 3174 XXXlll.
477 3108 510 3174 ln
534 3104 613 3174 festo
632 3105 747 3174 Santle
764 3102 981 3199 Margarethe,
1007 3105 1137 3172 armatis
1164 3103 1294 3174 cocchis
1307 3116 1351 3162 11¹¹·
1362 3129 1397 3161 αα

263 3210 418 3307 &galeis
445 3213 480 3280 &
506 3206 661 3301 barboris
680 3209 854 3280 Christiani
880 3232 1038 3280 venerunt
1067 3212 1185 3280 iterum
1207 3211 1295 3281 iuxta

263 3343 374 3388 mutos
402 3319 548 3390 civitatis.
574 3319 741 3390 Sarraceni
765 3342 875 3390 autem
902 3342 979 3388 cum
996 3318 1142 3412 petrariis
1159 3319 1194 3388 &
1216 3342 1295 3411 qua-

263 3424 345 3496 rellis
363 3428 397 3495 &
415 3423 587 3496 trabucetis
609 3423 782 3496 crudeliter
799 3425 830 3494 se
849 3421 1079 3511 defenderunt,
1106 3421 1162 3493 sed
1186 3424 1294 3496 Chris·

263 3534 341 3604 tiani
358 3533 478 3606 multos
497 3531 688 3606 occiderunt
703 3535 738 3603 &
755 3531 1014 3603 vulneraverunt.
1032 3532 1126 3601 Tunc
1143 3531 1236 3601 multi
1254 3531 1295 3604 de

263 3639 391 3710 civitate
404 3636 537 3730 flebant,
551 3641 611 3710 viri
630 3664 669 3708 ac
682 3638 843 3729 mulieres,
863 3639 955 3734 parvi
970 3641 1004 3708 &
1018 3640 1142 3734 magni,
1160 3639 1296 3735 capillos

262 3746 336 3816 suos
351 3745 524 3818 evellentes
537 3752 728 3840 nomenque
738 3747 802 3816 Dei
813 3746 860 3815 sui
868 3743 1130 3842 blasphemantes
1140 3748 1175 3815 ὅ(
1185 3745 1295 3816 dicen-

264 3876 323 3923 tes:
356 3855 385 3922 0
407 3855 516 3946 infelix
534 3856 729 3944 machomet,
754 3881 818 3922 ecce
837 3855 1001 3944 Christiani
1022 3859 1143 3944 copiunt
1163 3859 1295 3922 Damio-

262 3985 324 4028 tum
340 3961 439 4029 &nos
454 3965 642 4050 interficient,
661 3987 821 4052 nomenque
840 3960 935 4030 Tuum
948 3986 1005 4029 non
1021 3966 1080 4029 erit
1097 3965 1146 4027 hic
1164 3961 1295 4051 amplius

264 4075 441 4156 invocatum,
471 4095 575 4142 nomen
598 4094 693 4142 autem
714 4073 777 4142 Der
796 4069 1033 4162 Christianorum
1053 4071 1112 4138 erit
1133 4068 1293 4139 exaltatum
