3462 5110
447 367 498 420 DE
515 368 691 422 Ionnaria
709 369 810 422 REGE
828 369 1057 424 IERUSALEM.
1211 373 1272 450 123

249 613 392 681 crucem,
421 611 456 660 ut
480 587 545 680 ille,
573 589 629 684 qui
653 589 689 659 in
712 613 752 660 ea
777 587 947 685 pependit,
972 588 1156 662 ostenderet
1181 590 1277 664 nobis
1294 612 1352 660 1218

249 697 350 784 nam,
379 721 440 794 per
457 720 558 791 quam
573 696 818 791 imponeremus
843 721 953 787 naves,
982 699 1017 767 ἂ
1034 698 1067 767 in
1084 697 1145 768 illis
1163 696 1277 770 diebus

247 803 414 899 inspiravit
438 804 528 874 Deus
544 800 712 898 quendam
738 801 919 892 hominem,
942 805 977 873 δι
1000 803 1127 874 acceffit
1154 803 1198 874 ad
1217 803 1278 876 do·

249 911 378 986 minum
403 909 550 1008 legatum
573 911 609 980 &
635 907 715 980 dixit
741 910 788 980 ei:
815 915 1025 996 Domitiani,
1052 913 1176 1006 desuper
1202 919 1278 983 mibi

249 1021 428 1112 inspiratum
445 1023 494 1109 est,
512 1042 544 1088 iu
552 1021 661 1108 fucere
678 1019 810 1103 debeam,
840 1041 873 1086 ur
888 1023 1077 1112 imponantur
1100 1045 1191 1088 naves
1209 1021 1278 1090 ille-

244 1127 287 1214 se.
304 1123 340 1194 Er
356 1120 556 1220 respondens
574 1121 729 1194 dominus
746 1121 891 1220 legatus:
912 1125 1071 1218 Quidquid
1086 1128 1145 1195 ribi
1163 1128 1278 1197 revela-

247 1256 308 1300 tum
326 1235 376 1323 est,
393 1235 459 1322 foc
477 1235 539 1300 ciro
561 1229 592 1298 θ’
604 1236 668 1324 fine
690 1234 795 1300 mora!
822 1229 892 1326 Qui
912 1229 1018 1300 statim
1040 1231 1157 1302 terrani
1187 1257 1278 1304 men·

248 1336 365 1408 suravit
381 1338 424 1418 ,ἀ
447 1360 505 1432 per
533 1333 681 1406 medium
708 1336 863 1408 exercitus
888 1336 994 1407 statuit
1022 1335 1090 1408 fieri
1118 1362 1279 1435 magnum

247 1439 408 1526 fossatum
438 1439 493 1512 Ad
514 1439 607 1536 quod
631 1439 819 1513 faciendum
836 1441 1015 1540 legatus&
1037 1469 1092 1515 ieri
1108 1469 1186 1516 cuni
1203 1470 1277 1515 om·

248 1547 341 1620 nibus
355 1545 566 1645 principibus,
582 1546 705 1618 clericis
727 1551 762 1618 &
778 1547 868 1620 laicis
887 1550 921 1620 in
940 1551 1112 1622 occursum
1129 1575 1277 1622 cucurre-

247 1679 333 1744 runt,
351 1658 386 1726 δε
402 1657 469 1728 cito
487 1653 612 1726 fastum
629 1653 683 1724 est.

294 1761 359 1836 Xll.
377 1761 468 1833 Cum
484 1784 594 1832 autem
612 1760 842 1858 cogitaremus,
860 1762 996 1858 qualiter
1012 1789 1071 1861 per
1088 1764 1195 1859 ipsum
1212 1764 1277 1834 fos-

248 1867 352 1939 sarum
378 1869 454 1940 vasa
478 1869 586 1942 nostra
613 1870 871 1965 imponeremus,
904 1869 1044 1940 infesto
1085 1869 1173 1942 Beati
1207 1873 1276 1942 An-

247 1970 324 2046 dree
355 1998 427 2046 orta
456 1974 501 2046 est
531 1999 622 2046 tanta
649 1974 821 2070 tempestas
847 1977 881 2045 in
911 1977 1015 2065 aeres
1028 1975 1121 2072 quod
1149 2001 1218 2047 tam
1243 1978 1277 2048 in
1291 2000 1351 2047 nov.
1364 2014 1399 2062 30.

248 2080 517 2176 experiecucione
528 2106 701 2155 ventorum
716 2105 817 2176 quam
828 2080 1154 2179 superhabundancia
1168 2083 1277 2180 pluvie

248 2210 315 2258 tani
345 2212 436 2260 mare
452 2189 614 2277 intumuit,
653 2189 688 2258 δι
708 2184 824 2257 fluvius
844 2184 980 2283 paradisi
1005 2185 1146 2259 similiter
1167 2191 1277 2279 crevit,

247 2291 340 2390 quod
352 2317 423 2366 non
436 2291 675 2368 discernebatur
688 2291 842 2391 [amari],
855 2295 989 2388 &aqua
1003 2318 1073 2366 tota
1085 2293 1279 2366 amarissima

248 2399 292 2472 est
309 2400 408 2492 sassa,
424 2402 459 2472 ἃ
476 2402 591 2472 omnia
607 2401 748 2474 tentoria
765 2399 867 2472 frasta
878 2401 913 2471 in
931 2423 1012 2472 tetra
1029 2399 1226 2492 ceciderunt,
1242 2403 1278 2472 δι

249 2531 335 2580 totus
360 2507 516 2580 exercitus
543 2506 646 2578 faslus
678 2508 724 2578 est
748 2530 816 2578 tam
840 2508 940 2600 lacus,
970 2507 1063 2603 quod
1093 2510 1206 2580 omnia
1232 2505 1279 2580 ibi

247 2611 414 2703 natabant,
441 2616 476 2686 ἃ
492 2610 535 2684 sic
553 2615 656 2710 panis,
683 2615 808 2702 vinum,
834 2613 1046 2704 frumentum,
1073 2613 1223 2707 ordeum,
1243 2617 1279 2686 ἃ

248 2726 365 2796 cunta
376 2721 528 2798 vislualia
541 2720 700 2795 natabant
715 2723 749 2793 in
762 2745 858 2817 aqua.
882 2718 927 2792 lbi
940 2721 1033 2792 multi
1049 2720 1170 2794 infirmi
1188 2747 1278 2794 nior-

249 2832 294 2904 tui
311 2831 395 2919 sunt,
412 2831 448 2900 δι
465 2829 571 2900 eciam
589 2828 696 2924 plures
713 2828 781 2902 sani
803 2825 1002 2902 defecerunt.
1035 2832 1102 2900 Αὸτ
1120 2827 1279 2926 siquidem

248 2934 402 3029 obscurus
414 2935 546 3012 effestus
560 2937 614 3030 est,
630 2941 676 3010 ita
690 2935 782 3033 quod
797 2961 881 3010 unus
898 2936 1036 3008 alterurn
1049 2962 1119 3007 non
1136 2935 1277 3033 videbat,

250 3048 282 3114 ln
299 3043 357 3116 illo
374 3043 427 3116 die
444 3045 497 3118 sex
510 3068 621 3132 naves,
640 3069 704 3139 que
721 3041 810 3140 apud
824 3044 1015 3116 Damiatam
1033 3068 1188 3116 venerant
1200 3043 1277 3137 hye-

249 3176 338 3224 mare
354 3148 538 3241 nobiscum,
562 3150 690 3247 inpulsu
709 3173 884 3222 ventorum
901 3148 966 3222 sine
987 3149 1066 3222 velis
1082 3153 1118 3223 &
1134 3152 1277 3248 remigiis

248 3258 438 3353 sequestrate
451 3259 523 3332 sunt
540 3284 561 3334 a
577 3280 675 3354 portu
692 3259 727 3328 ἃ
747 3259 782 3328 in
798 3256 910 3330 medio
929 3257 1039 3354 pelagi
1054 3258 1138 3349 sunt,
1157 3281 1192 3329 ut
1208 3283 1277 3330 cre-

250 3361 368 3457 dimus,
392 3363 615 3462 conqualsare.
645 3366 720 3440 Una
742 3392 784 3438 ex
799 3365 859 3438 illis
876 3365 977 3437 frasta
996 3367 1057 3437 fuit
1073 3391 1149 3439 ante
1167 3366 1277 3436 Tami-

248 3468 339 3562 sium‚
363 3475 398 3545 ἃ
421 3474 539 3570 viginti
554 3472 717 3561 marinarij
734 3469 780 3543 ibi
804 3471 979 3569 decapitari
997 3474 1136 3545 fuerunt.
1164 3477 1197 3546 ln
1223 3472 1278 3544 illa

249 3576 301 3652 die
331 3580 526 3674 tempestatis
555 3577 699 3675 quedam
729 3579 934 3652 munitissime
963 3607 1073 3671 naves,
1104 3605 1168 3674 que
1201 3605 1277 3652 cum

248 3711 373 3784 magno
391 3687 427 3756 &
442 3685 588 3759 maximo
613 3681 724 3756 labore
740 3683 925 3758 &infinitis
950 3683 1094 3785 expensis
1120 3713 1180 3783 pro
1199 3688 1277 3759 civi·

144 3806 236 3868 fiiob·
248 3814 313 3866 tate
337 3791 518 3864 construere
546 3791 685 3881 filerunt,
701 3788 897 3887 impulsione
912 3795 1003 3869 venri
1025 3794 1060 3864 in
1085 3817 1177 3890 parre
1194 3795 1274 3865 civi-

248 3900 320 3972 tatis
335 3900 481 3996 pioiet‘te
493 3899 578 3989 sunt,
604 3924 685 3994 quas
706 3899 813 3970 [latim
837 3924 912 3972 ante
934 3900 1048 3972 oculos
1064 3900 1191 3972 nostros
1208 3926 1275 3974 cre-

248 4029 428 4080 maverunt.
457 4005 555 4082 Unde
581 4003 698 4078 acerbe
723 4004 961 4104 plangebamus
988 4033 1103 4080 omnes
1133 4005 1276 4092 dieentes

249 4112 328 4186 alter
353 4111 397 4186 ad
421 4112 575 4188 alterum:
616 4115 701 4208 Quid
717 4118 872 4205 faciemus
898 4120 971 4184 bic?
1000 4120 1099 4186 Iratus
1126 4121 1165 4207 est
1190 4119 1276 4187 Ueiis
