3462 5114
485 365 552 439 166
728 384 841 436 amun
858 384 1012 436 nucum
1028 381 1264 436 eunrsrrnur.

407 629 466 679 1219
480 623 560 672 tates
578 599 639 669 alie
665 598 737 669 sunt
758 601 862 669 erecte
880 598 974 693 supra
996 623 1127 668 murum
1144 597 1191 668 his
1211 599 1365 690 minores,
1391 598 1510 670 scilicet

477 709 560 778 intra
577 705 720 777 binas&
737 702 829 777 binas
846 705 907 775 alie
929 703 1005 776 bine
1022 706 1057 774 ἃ
1076 701 1166 796 bine,
1195 730 1335 799 quarum
1359 708 1510 792 omnium

478 813 606 884 summa
621 815 666 886 est
683 815 855 912 ocloginta
872 814 1005 909 septem.

819 1032 870 1097 ‘De
886 1035 980 1120 castro
999 1029 1178 1124 Tenenfium.

368 1254 429 1300 Nov-
442 1266 464 1314 s·
528 1238 599 1312 ldus
613 1236 810 1313 Novembris
822 1264 920 1336 capta
932 1241 1073 1332 civitate,
1086 1240 1259 1314 Christiani
1274 1242 1510 1338 navigaverunt

478 1346 521 1418 ad
533 1345 738 1418 fortislimum
755 1347 891 1418 castrum
903 1345 1110 1438 Tenensrum,
1128 1346 1286 1442 quodque
1300 1350 1511 1419 immunitum

355 1475 414 1520 Not.
427 1488 465 1535 23.
477 1457 689 1541 invenientes,
707 1455 908 1525 intraverunt
924 1455 1008 1525 acin
1026 1452 1105 1524 festo
1122 1454 1232 1525 Sancti
1245 1454 1426 1526 Clementis
1444 1479 1510 1523 tur-

478 1588 526 1632 res
550 1561 748 1631 munierunt.
776 1562 894 1656 Sicque
916 1561 1007 1632 nullo
1034 1587 1151 1634 eorum
1175 1551 1296 1651 occiso,
1321 1563 1512 1632 Damiatam

477 1667 647 1740 redierunt.
665 1667 845 1739 Thesaurus
863 1693 973 1741 autem
985 1668 1129 1740 infinitus
1146 1671 1181 1739 ὃς
1198 1665 1262 1739 stne
1280 1693 1417 1739 numero
1434 1693 1510 1738 cum

479 1772 557 1846 esset
580 1776 615 1844 in
641 1774 727 1866 villa,
753 1777 927 1871 principes,
953 1773 1031 1845 srcut
1060 1776 1286 1871 promiserant,
1314 1801 1391 1845 eum
1421 1799 1509 1845 exer·

479 1882 556 1950 citui
580 1878 725 1952 dividere
747 1879 913 1953 nolebant.
941 1879 1038 1953 Unde
1058 1881 1210 1977 populus,
1238 1904 1438 1971 commotus,
1466 1879 1510 1951 ad

478 2014 569 2058 arma
586 1988 725 2058 cucurrit
741 1989 854 2060 volens
871 1988 1018 2088 legatum
1035 1987 1223 2060 interficere.
1246 1989 1328 2085 Quo
1345 1985 1458 2058 sedato
1476 1989 1510 2056 &

477 2122 497 2166 a
511 2095 649 2165 tumultu
666 2092 818 2184 cessante,
835 2094 967 2167 cuilibet
977 2097 1092 2167 iustam
1105 2097 1293 2191 portionem
1306 2095 1337 2166 se
1346 2091 1509 2182 daturum,

477 2200 632 2299 promisit.
662 2202 768 2300 Qrod
796 2228 905 2274 tamen
929 2204 1042 2273 iniuste
1059 2204 1227 2297 persecuti,
1255 2201 1346 2272 nullo
1365 2200 1511 2270 nostrum

405 2339 464 2371 1220
477 2308 534 2380 nist
557 2310 609 2380 sex
628 2306 795 2381 bizancios
821 2313 1012 2407 accipiente.
1036 2311 1200 2381 Veniente
1226 2335 1335 2380 autent
1353 2306 1406 2378 die
1426 2309 1509 2377 Puri·

366 2420 464 2485 'teuta
477 2415 639 2488 ficationis
662 2419 757 2490 Beate
780 2421 891 2510 Marie,
918 2418 1003 2490 facia
1029 2418 1073 2488 est
1098 2442 1222 2514 magna
1240 2415 1451 2512 solempnitas
1476 2417 1509 2485 in

477 2525 617 2596 civitate.
647 2527 787 2615 Intravit,
807 2528 862 2622 qui
888 2526 1003 2612 voluit,
1032 2526 1078 2615 ἃ,
1107 2521 1270 2596 celebrata
1297 2520 1389 2593 missa
1408 2549 1428 2594 a
1447 2521 1509 2593 do-

476 2631 569 2700 mino
595 2631 706 2728 legato
733 2635 766 2703 in
790 2633 926 2704 nomine
951 2632 1090 2703 Domini
1108 2631 1208 2701 nostri
1228 2629 1314 2701 lhesu
1341 2629 1460 2700 Christi
1476 2632 1511 2700 ἃ

476 2738 571 2808 Beate
588 2740 688 2810 Marie
702 2742 847 2838 virginit,
868 2740 971 2810 voluit
988 2737 1144 2808 dominus
1160 2738 1288 2834 legatus
1305 2739 1340 2807 ὅ(
1353 2739 1510 2834 precepit,

477 2842 569 2940 quod
589 2845 681 2916 locus
699 2846 763 2936 ille,
785 2848 841 2942 qui
864 2848 950 2942 prius
971 2843 1150 2918 vocabatur
1175 2846 1291 2916 fanum
1308 2845 1509 2933 Machomet,

476 2950 519 3022 de
531 2977 640 3024 cetero
653 2954 870 3050 appellaretur
883 2950 1015 3024 ecclesia
1029 2955 1123 3023 Beate
1137 2952 1249 3039 Marie,
1264 2954 1398 3049 virginis
1411 2977 1510 3050 gene-

478 3061 561 3131 tricis
579 3061 643 3130 Dei
664 3065 698 3132 &
720 3061 860 3131 Domini
881 3061 979 3131 nostri
1004 3058 1089 3130 lhesu
1107 3059 1237 3148 Christi,
1267 3062 1320 3130 cui
1340 3061 1384 3130 est
1402 3059 1512 3130 honor

478 3169 512 3236 &
528 3167 634 3264 gloria
648 3169 682 3238 in
700 3169 805 3240 secula
826 3168 1022 3240 seculorum!
1054 3169 1171 3238 Arnen.

926 3273 1066 3370 Explicit.
