3462 5110
468 373 515 457 54

373 626 433 675 1219
460 618 589 666 morem
602 595 695 666 suum
712 598 898 692 preteriens,
913 621 1071 695 magnam
1086 621 1170 669 terre
1184 621 1312 694 partem
1325 610 1492 670 arentem¹

458 699 598 797 reliquit,
620 726 685 798 que
701 703 759 773 suo
777 727 927 799 tempore
943 728 1005 775 nec
1021 704 1114 796 arari,
1132 728 1195 775 nec
1209 704 1361 775 seminari
1377 707 1493 800 potuit.

432 806 558 882 ·Unde
581 806 734 880 soldanus
756 810 873 882 timens
895 811 1018 882 famem
1042 812 1233 882 &retinere
1257 812 1393 908 cupiens
1415 813 1495 885 civi·

458 939 560 988 tatem
581 942 657 987 cum
683 917 780 988 fratre
797 918 855 988 suo
873 917 1047 990 Coradino
1066 918 1163 989 talem
1181 918 1357 989 christianis
1376 916 1494 992 obtulit

458 1023 547 1120 pacis
573 1021 769 1114 saccionem,
787 1047 823 1096 ut
846 1049 978 1096 crucem
998 1027 1163 1116 Sanctam,
1180 1052 1200 1097 a
1220 1025 1396 1096 christianis
1412 1026 1494 1097 olim

456 1127 630 1229 perditam,
658 1155 734 1200 curn
757 1131 867 1202 sancta
883 1133 1014 1205 civitate
1031 1135 1067 1203 δι
1083 1132 1237 1205 omnibus
1261 1134 1409 1229 captivis,
1437 1133 1494 1230 qui

455 1237 491 1308 in
508 1260 612 1334 regno
633 1231 857 1329 Babyloniensr
873 1242 908 1310 δι
924 1240 1134 1311 Damascene
1152 1241 1216 1312 vivi
1240 1237 1371 1336 possent
1399 1265 1493 1336 repe·

455 1342 519 1432 riri,
536 1342 684 1440 sumptus
700 1345 805 1415 eciam
816 1358 830 1390 ²
841 1342 884 1416 ad
905 1343 1105 1442 reparandos
1123 1371 1234 1416 muros
1250 1345 1493 1418 lherosolimam

456 1447 607 1521 redderet
635 1451 823 1549 &insuper
846 1477 986 1550 regnum
1008 1451 1324 1524 lherosolimitanum
1351 1453 1493 1524 totaliter

455 1557 630 1629 restitueret
647 1581 754 1654 preter
766 1559 932 1632 Craccum
949 1563 984 1630 &
1001 1561 1152 1632 Montem
1170 1560 1327 1659 regalem,
1344 1585 1406 1657 pro
1420 1559 1491 1655 qui·

456 1661 517 1734 bus
536 1662 693 1736 tributum
716 1664 876 1756 redderet,
907 1665 1066 1764 quamdiu
1097 1691 1210 1764 treuga
1235 1665 1375 1738 duraret.
1410 1667 1492 1738 Sunt

455 1793 566 1842 autem
582 1769 643 1842 hec
661 1769 729 1842 duo
746 1772 822 1844 loca
843 1774 877 1844 in
896 1772 1019 1847 Arabia
1043 1770 1110 1864 srta,
1137 1774 1263 1870 septem
1286 1774 1492 1845 municiones

455 1872 646 1950 firmissimas
662 1878 834 1970 habencia,
859 1906 925 1976 que
941 1882 1131 1976 quicunque
1149 1880 1296 1971 tenuerit,
1322 1879 1492 1952 lherosoli-

455 2009 547 2055 mam
559 2011 636 2056 cum
650 1986 791 2059 voluerit
802 2012 934 2076 nocere,
948 1989 1118 2085 poterit&
1134 2011 1231 2084 agros
1248 1988 1315 2058 eius
1327 2012 1367 2057 ac
1378 1987 1490 2060 vineas

454 2088 562 2164 ledere
575 2091 706 2165 valebit.
721 2107 733 2154 ³
746 2094 910 2166 Estautem
919 2120 978 2192 per
991 2121 1029 2166 ea
1042 2117 1263 2166 mercatorum
1275 2117 1343 2164 tam
1352 2092 1491 2164 christia·

455 2223 575 2270 norum
594 2225 696 2296 quam
718 2201 995 2272 sarracenicorum
1019 2198 1178 2291 transitus,
1200 2224 1269 2271 tam
1286 2198 1330 2270 ad
1346 2201 1491 2296 ipsorum
1505 2221 1705 2283 V.,s.12r⁰‚c.2.

454 2305 584 2378 Metam
594 2321 610 2366 4
620 2307 832 2381 tendencium
845 2335 946 2404 quam
958 2307 1002 2379 ad
1014 2334 1076 2379 nos
1088 2306 1311 2397 redeuncium,
1326 2333 1390 2404 que
1402 2311 1491 2404 pacis

344 2439 347 2444 ¹
454 2412 657 2512 composicio
670 2417 741 2512 regi
755 2416 1023 2514 francigenisque
1036 2417 1151 2488 comiti
1164 2417 1270 2488 eciam
1282 2415 1406 2488 Cestrie
1414 2440 1491 2486 cunr
1504 2428 1540 2488 Bu
1551 2445 1573 2491 r·
1585 2429 1640 2489 238,
1650 2445 1671 2475 e·
1683 2443 1704 2476 2·

455 2523 631 2617 capitaneis
653 2525 689 2593 δε
705 2521 919 2593 Theutonicis
941 2523 1049 2593 minus
1066 2519 1201 2619 provisis
1214 2524 1249 2592 &
1267 2523 1301 2594 in
1326 2523 1491 2618 posterum

455 2652 525 2699 non
542 2625 731 2701 caventibus
757 2627 942 2701 admodum
969 2632 1076 2726 primo
1094 2653 1187 2726 grata
1206 2629 1278 2721 suit,
1298 2626 1361 2700 sed'
1372 2629 1491 2699 saniori

456 2735 598 2808 concilio
626 2731 797 2808 obviatum
814 2735 867 2807 est.
899 2737 1058 2834 Legatum
1080 2738 1170 2807 enim
1195 2761 1273 2817 cum
1295 2736 1490 2831 patriarcha,

455 2841 719 2939 archiepiscopis,
743 2843 915 2940 episcopis,
946 2843 1122 2940 templariis
1149 2844 1184 2914 ἀ
1211 2843 1426 2939 hospitalariis
1457 2845 1492 2913 &

456 2944 609 3020 omnibus
627 2948 713 3019 ltalie
730 2948 906 3044 capitaneis
923 2947 1094 3046 multisque
1108 2948 1177 3020 aliis
1192 2947 1405 3046 prudentibus
1417 2950 1491 3023 viris

455 3055 530 3128 huic
547 3057 696 3126 tradiatui
711 3055 744 3128 le
761 3057 927 3153 opposuit,
946 3047 1118 3128 ostendens
1136 3083 1175 3130 err
1194 3056 1337 3146 racione,
1356 3058 1490 3129 Damia-

455 3187 524 3235 tam
540 3186 615 3234 ante
633 3163 746 3234 omnia
764 3163 833 3235 sore
850 3164 1057 3260 capiendam.
1080 3166 1210 3264 Opinio
1229 3164 1353 3238 diversa
1370 3163 1491 3236 discor·

455 3269 545 3342 diam
561 3272 698 3367 peperit,
715 3295 781 3366 que
797 3295 935 3369 propter
951 3295 1168 3344 communem
1187 3271 1405 3344 necessitatem
1422 3272 1489 3342 cito

454 3375 564 3450 sedata
584 3377 654 3450 fuit.
681 3381 805 3449 lnterea
825 3376 980 3450 soldanus
1002 3405 1162 3478 magnam
1178 3378 1328 3478 peditum
1346 3377 1490 3450 multitu·

455 3481 567 3556 dinem
595 3483 747 3557 clanculo
775 3510 834 3581 per
856 3485 932 3557 loca
960 3484 1110 3582 palustria
1135 3485 1220 3558 misrt
1243 3484 1287 3558 ad
1312 3487 1489 3577 civitatem,

455 3616 597 3688 quorum
621 3590 755 3663 ducenti
778 3589 1008 3690 quadraginta,
1038 3591 1277 3666 dormientibus
1303 3591 1488 3686 christianis,

346 3723 407 3769 mv.
420 3736 441 3784 3.
455 3701 635 3771 Dominica
651 3703 750 3772 nocte
762 3702 836 3797 post
850 3701 966 3772 festum
986 3701 1150 3773 Omnium
1162 3703 1357 3774 Sansiorum
1374 3698 1489 3773 urbem

454 3807 528 3878 lunt
540 3805 676 3906 ingressi.
690 3806 862 3881 Novissimi
878 3806 921 3879 ad
938 3807 1119 3880 clamorem
1136 3809 1349 3908 vigilanciam
1365 3807 1489 3881 detenti

455 3916 528 3987 sunt
539 3919 575 3987 δε
587 3912 694 4008 occis,
713 3940 796 4012 quos
809 3914 851 3987 ad
865 3911 1025 3987 ducentos
1039 3918 1073 3986 &
1085 3915 1193 4014 plures
1206 3917 1483 4013 computavimus.

464 4069 469 4080 ⁶
494 4103 504 4135 1
520 4085 547 4138 B.
553 4082 657 4154 stapplet
674 4115 710 4125 -
726 4103 741 4136 a
758 4085 787 4138 V.
792 4083 892 4154 supplet
906 4085 938 4137 δι.
1003 4085 1032 4141 V.
1043 4103 1133 4144 mecas·

456 4193 490 4213 .-
509 4183 522 4237 3
537 4166 567 4222 V.
582 4163 690 4226 valebat.
711 4195 746 4205 —
766 4185 783 4240 4
801 4166 828 4220 B.
843 4176 940 4242 metam
