3466 5110
420 409 461 495 xij
479 501 480 504 Ν
828 425 1051 478 nummum.

459 639 490 702 A
500 639 526 702 F
528 639 625 702 risone
639 643 725 724 egitur
744 641 817 703 nobis
831 656 986 720 narratur,
1000 641 1098 704 multos
1111 641 1312 727 erucestgnatos
1330 664 1349 702 o
1368 639 1452 702 Lau-

418 761 527 818 werze,
539 740 619 823 apud
627 739 802 822 Groningam
810 739 875 824 fito,
889 740 1093 818 Dortmua'am,
1105 762 1171 820 quae
1181 753 1280 823 portus
1291 741 1330 821 est
1339 739 1453 821 Angliae

418 836 619 916 celeberrimus,
636 840 770 921 profettos
781 837 888 921 fuiffe,
908 839 998 918 ibique
1013 836 1183 899 Guilelmum
1196 838 1229 898 de
1243 835 1283 898 H
1282 836 1405 899 ollandio
1418 838 1453 898 tt

421 932 572 1015 Georgium
586 937 618 996 de
636 936 724 998 Wied
735 937 839 997 comites
856 934 1002 1018 inveniffe.
1031 934 1111 997 Unde
1134 935 1179 997 cla
1201 957 1224 997 es
1239 934 1452 1016 peregrinorum

418 1046 586 1113 congregata
601 1031 683 1109 enit,1
695 1033 755 1118 sed,
769 1034 932 1116 tempestate,
947 1055 969 1093 v
983 1032 1025 1094 die
1039 1031 1103 1113 iulp'
1116 1046 1221 1109 exorto,
1237 1032 1278 1094 od
1289 1032 1363 1093 littus
1377 1031 1453 1094 Bre-

418 1129 498 1189 toniae
509 1130 593 1191 navis
600 1131 729 1210 quadam
731 1130 891 1213 frangitur
895 1160 907 1202 ,·
915 1129 1104 1212 naufragium
1112 1129 1260 1214 veropuffl
1266 1127 1284 1191 o
1295 1129 1453 1216 marteser-

418 1239 563 1289 ventura
581 1227 691 1288 Deinde
710 1239 804 1288 annor
818 1229 916 1312 noster,
931 1228 961 1288 in
983 1225 1136 1291 Guilelmi
1158 1227 1282 1289 comitis
1303 1223 1453 1288 clafficula

417 1322 557 1402 versatus,
582 1338 700 1404 narrat,
718 1348 781 1406 quae
795 1325 941 1407 peregrini
959 1325 1160 1408 tempestatibus
1176 1323 1251 1409 paffi
1259 1322 1394 1409 suiffient,
1419 1323 1452 1382 Εἴ

417 1421 514 1482 multos
528 1436 674 1484 enumerat
680 1436 789 1505 portus,
799 1445 916 1503 quorum
931 1423 1041 1484 nomina
1054 1423 1083 1484 in
1096 1421 1268 1484 Annalibus
1281 1418 1452 1484 Colonien-

417 1517 495 1580 srbus
508 1519 633 1604 frustra
654 1534 833 1601 quaeruntur,
851 1542 969 1601 quorum
984 1529 1091 1598 auttor,
1113 1519 1288 1602 Georgium
1304 1518 1451 1579 comitem

417 1615 570 1698 sequutus,
584 1617 641 1679 iam
659 1617 691 1698 xj
710 1617 753 1679 die
770 1617 842 1698 ium'j
864 1617 1043 1679 Ulixibouam
1064 1619 1151 1695 veuit,
1165 1639 1222 1697 quo,
1234 1615 1260 1678 F
1262 1615 1318 1678 riso
1337 1617 1388 1678 xiv
1409 1617 1452 1678 die

416 1714 488 1794 iunij
501 1714 635 1803 appulsus
649 1715 694 1791 est.
714 1714 776 1775 Hic
795 1715 869 1777 illius
884 1715 962 1778 urbis
975 1713 1186 1799 topographiom
1198 1715 1313 1796 profert
1330 1715 1354 1775 ei
1364 1712 1451 1795 fimil-

417 1813 523 1890 tmen,
535 1813 631 1894 quain
642 1811 813 1874 Annalibus
824 1812 1058 1876 Colonienfibus
1067 1815 1101 1874 Εἴ
1111 1809 1214 1876 Gestis
1223 1812 1452 1893 crucigerorum

416 1908 569 1986 invonitur,
580 1909 640 1998 sed
647 1908 723 1993 solus
736 1917 834 1970 auttor
848 1911 936 1993 nostor
950 1923 1066 1987 narrat,
1087 1910 1145 1972 iam
1160 1932 1233 1973 anno
1254 1907 1360 1970 MCX
1357 1907 1383 1968 L
1390 1905 1421 1971 V
1418 1905 1455 1968 ll

421 2007 578 2088 Ulvingam
590 2006 755 2088 Poptetum3
773 2029 833 2068 eum
851 2008 991 2089 armigero
995 2007 1052 2096 suo
1063 2009 1091 2068 in
1107 1999 1277 2090 portugalia
1292 2030 1336 2070 res
1346 2006 1451 2088 egregie

413 2103 664 2189 gefflffequena'am
676 2105 709 2164 Εἴ
717 2117 856 2166 mortuum
866 2106 971 2167 nomine
981 2105 1152 2184 Henrieum,
1158 2107 1281 2188 catalogo
1287 2106 1452 2190 sanatorum
1542 2100 1548 2114 ’

417 2202 698 2290 aefferiptumfuiffl.
714 2203 813 2285 Neque
824 2217 915 2265 tamen
927 2201 953 2264 F
955 2202 1011 2264 riso
1023 2203 1123 2286 refert,
1133 2201 1334 2288 crucufignatos
1346 2227 1364 2264 a
1376 2202 1452 2266 Por-

416 2301 532 2382 tnguliae
549 2301 642 2364 incolis
663 2303 697 2363 Εἴ
711 2325 784 2383 rege,
806 2316 838 2362 ut
849 2302 990 2382 castellum
1005 2299 1137 2364 Allazar
1153 2300 1303 2386 obfiderent
1315 2303 1349 2362 δέ
1365 2316 1452 2385 expu-

412 2412 546 2480 gnarent,
561 2400 709 2463 admonitos
714 2400 817 2485 furffl,
838 2401 932 2486 eosque
951 2399 1107 2461 Ulixibonae
1127 2399 1275 2462 hiemantes
1288 2399 1402 2461 delicate
1417 2401 1451 2460 Εἴ

416 2495 557 2582 luxuriose
570 2496 682 2580 vixiffl,
697 2497 866 2578 quaomnia
880 2520 900 2559 a
919 2495 1097 2560 Coloniensi
1112 2496 1146 2556 ὅ
1160 2495 1312 2557 Rhenano
1328 2519 1451 2559 occura-

416 2594 469 2655 tius
483 2598 656 2655 narrantur.
677 2594 706 2654 Ε
718 2607 815 2655 contra
835 2593 961 2653 certiores
975 2592 1109 2675 nossacit
1120 2592 1153 2653 de
1167 2592 1208 2669 iis,
1223 2614 1287 2672 quae
1296 2593 1451 2674 peregrini,

311 2698 314 2705 '
413 2691 492 2776 sociis
507 2692 547 2752 od
558 2691 708 2753 Alkazari
724 2689 864 2781 castellum
879 2688 1051 2774 obfidendum
1066 2689 1280 2767 remanentibus,
1300 2688 1451 2753 Ulixibono

412 2788 541 2872 provetti
564 2787 739 2871 gefferint.4
765 2785 982 2851 Coloniensem
1006 2786 1092 2868 egitur
1116 2787 1150 2847 Η
1172 2785 1367 2866 Rhenanum‚
1389 2811 1450 2849 cum

455 3011 466 3042 1
483 2991 606 3044 Olinerius
620 2991 660 3060 (p.
679 2993 762 3057 1401)
781 3001 874 3054 narrat,
889 3009 903 3043 e
999 3011 1017 3058 4
1029 2993 1161 3046 Rhenanus
1174 3004 1267 3058 narrat,
1281 2993 1327 3045 hos
1340 2991 1449 3061 peregri·

416 3071 544 3142 provincia
554 3070 695 3124 Colonienfi
709 3071 760 3122 fere
772 3088 817 3123 ccc
826 3088 901 3123 naves
963 3089 1019 3138 nos,
1029 3073 1165 3142 postquam
1182 3075 1206 3126 in
1217 3071 1450 3138 Italiahiemalsent,

415 3151 487 3204 fuisse
497 3151 629 3221 profeilam
639 3150 747 3204 Annales
758 3151 836 3207 Calon.
848 3169 901 3202 ma·
962 3153 1020 3206 xxiv
1033 3153 1075 3205 die
1098 3154 1180 3224 aprilis
1197 3154 1230 3205 ad
1248 3155 1336 3207 urbem
1355 3154 1450 3205 Accon

413 3232 487 3298 rimi,
496 3238 554 3300 829,
569 3244 709 3284 memorant
718 3233 780 3297 cccl,
794 3249 901 3301 quarum

415 3312 487 3364 clxxx
514 3313 540 3364 in
572 3312 721 3382 Portugalia
752 3311 900 3378 remansisse,

415 3393 476 3445 dum
489 3392 536 3460 cxij
546 3393 635 3462 (Em0‚
645 3411 670 3461 p.
684 3395 736 3460 59),
749 3393 816 3445 nulla
830 3410 901 3445 mora

415 3472 491 3540 fana,
506 3473 712 3543 proveherentur.

346 3541 349 3548 ’
451 3573 466 3605 2
482 3557 556 3605 Hane
566 3570 655 3606 navem
669 3551 741 3604 fuisse
752 3571 763 3601 ‹
775 3552 808 3604 de
821 3553 901 3604 Mun-

414 3633 481 3686 heim
497 3655 508 3681 n
528 3633 576 3685 live
592 3633 742 3698 Mahlheim
761 3631 900 3700 Colonienfis

415 3715 440 3765 &
449 3715 579 3765 Rhenanus
593 3713 715 3764 nuntiant.

453 3811 465 3857 3
492 3796 533 3846 De
557 3792 672 3845 fabuloso
698 3792 740 3844 illo
769 3790 900 3844 Frisonum

415 3875 491 3926 heroi
518 3873 652 3926 conferas:
680 3873 752 3938 Gella
776 3872 901 3939 Frisonum

416 3953 532 4022 (Werlnn
556 3953 706 4021 uitgegeven
719 3956 777 4005 door
797 3951 901 4019 Frieffch

415 4033 588 4102 Genootsclsap‚
611 4033 702 4101 1837),
725 4051 749 4103 p.
778 4038 902 4098 138-140,

415 4116 441 4166 te
462 4114 533 4182 Gesta
555 4112 682 4181 Fresonum
701 4113 787 4183 (ibid,
810 4113 901 4182 1853),

416 4210 513 4264 noes·

962 3234 1077 3302 appulsos
1093 3233 1176 3304 fiiiffe3
1197 3237 1221 3286 ὅτ
1240 3236 1350 3286 Iacobus
1363 3233 1395 3285 de
1408 3232 1450 3284 Vi·

963 3317 1042 3366 triaco
1055 3313 1151 3382 (epist,
1174 3331 1193 3378 1,
1214 3315 1279 3383 290)
1293 3325 1379 3383 aperte
1393 3312 1449 3364 nos·

962 3406 1014 3446 tros
1048 3394 1166 3462 intelligit
1191 3395 1300 3457 dicens,
1332 3392 1447 3445 Frisones

963 3490 1020 3525 cum
1037 3474 1214 3544 lcoggonibus
1244 3495 1254 3522 ι
1270 3491 1321 3526 non
1344 3473 1449 3525 multum

962 3554 1017 3622 post
1037 3554 1152 3623 pascha»
1176 3554 1230 3623 (xiv
1247 3552 1287 3606 die
1299 3553 1387 3623 april.)
1406 3554 1451 3605 ad-

962 3633 1063 3686 venilse.
1079 3637 1119 3686 Ex
1134 3635 1163 3686 iis
1172 3652 1233 3687 vero
1243 3634 1391 3704 peregrinis,
1407 3634 1450 3703 qui

962 3712 988 3765 in
1014 3715 1164 3783 Portugalia
1189 3714 1367 3780 remanserant,
1395 3714 1450 3784 plu-

962 3793 1017 3845 rimi
1026 3795 1133 3848 xxivdie
1144 3795 1201 3863 maij
1213 3796 1238 3846 in
1251 3795 1362 3847 Terram
1375 3798 1450 3847 Sanc-

963 3886 1015 3926 tam
1037 3887 1157 3927 venerunt
1177 3893 1234 3928 cum
1252 3875 1311 3943 xxiij
1333 3875 1448 3941 navibus,-
1538 3903 1539 3906 =

963 3971 1005 4004 eos
1031 3954 1097 4006 enim
1120 3955 1180 4022 xxiij
1205 3955 1244 4007 die
1265 3954 1349 4024 aprilis
1367 3953 1449 4004 adhuc

961 4033 987 4085 in
1001 4033 1081 4086 Sicilia
1093 4035 1203 4087 versatos
1215 4034 1297 4100 fuisse,
1315 4035 1394 4103 probe
1406 4031 1449 4084 sci·

963 4131 1018 4165 mus
1041 4115 1126 4184 (Gesta
1146 4115 1247 4184 erueig,
1271 4113 1373 4182 38·39).
1398 4114 1449 4164 Hae

962 4211 1022 4246 vero
1046 4194 1276 4266 crucefignatorum
1298 4210 1374 4248 naves
1397 4209 1447 4246 non
