3462 5114
478 373 544 472 164
721 394 833 446 ntuetr
851 393 1003 446 uunmu
1021 393 1251 446 eumsrtnut

398 648 456 696 1219
470 611 616 683 totondit
634 609 771 683 barbam
785 613 894 705 suam,
919 616 954 684 &
975 637 1091 684 omnes
1116 613 1162 682 sui
1189 612 1335 682 fecerunt
1363 608 1503 684 similiter

362 787 366 796 ,
468 722 503 790 &
520 720 640 790 caudas
653 745 816 814 equorum
830 743 1070 806 truncaverunt,
1083 720 1197 813 &ipse
1211 716 1364 789 soldanus
1376 719 1501 790 lamen-

468 825 571 896 tando
587 825 686 897 dixit:
715 830 745 896 0
767 832 927 914 Drmiam,
948 831 1038 920 usque
1054 854 1130 897 nunc
1139 829 1235 918 fuisti
1252 828 1372 898 lucerna
1394 831 1501 920 Paga·
1515 847 1531 894 f.
1547 847 1589 894 182
1596 847 1615 892 s.

468 958 583 1020 norum,
618 935 706 1002 modo
734 937 889 1027 obscurata
920 960 952 1001 es
978 936 1015 1002 ab
1040 937 1104 1002 eis!
1137 935 1221 1026 Qid
1241 938 1365 1025 facium
1390 939 1501 1028 miser!

470 1041 573 1133 Qum
589 1043 711 1130 nonfui
730 1043 885 1129 ettflt‘nslus
897 1046 928 1108 in
942 1041 1030 1109 vulva
1043 1045 1150 1109 marris
1164 1048 1247 1108 mee?
1266 1047 1320 1109 mn
1336 1068 1401 1109 cum
1414 1067 1500 1113 uatus

459 1151 526 1239 sui,
544 1173 634 1238 quare
647 1172 705 1214 non
714 1151 819 1236 statim
826 1154 921 1240 perii,
937 1155 1091 1236 antequam
1099 1148 1160 1238 sub
1178 1149 1315 1217 dominio
1331 1174 1395 1216 meo
1409 1154 1501 1242 virgo

468 1259 616 1322 ‘Dumium
634 1281 651 1320 a
671 1253 851 1342 Christianis
867 1253 936 1344 effer
952 1254 1096 1322 violata?
1120 1251 1154 1321 Et
1172 1250 1267 1325 dixit:
1290 1261 1402 1325 Pereat
1422 1257 1499 1342 dies,

468 1363 499 1426 itt
524 1388 582 1452 quo
602 1385 688 1428 nutus
697 1364 766 1451 sui,
792 1363 859 1428 dies
885 1361 942 1428 issa
967 1387 1024 1429 non
1043 1385 1211 1430 numeretur
1235 1367 1266 1430 itt
1293 1364 1398 1431 diebus
1429 1367 1502 1431 anni

468 1463 554 1555 (lob,
569 1485 622 1554 111,
638 1466 726 1561 3-6),
740 1473 811 1557 quia
835 1469 923 1536 multi
939 1470 1089 1561 oltseurati
1099 1476 1157 1560 five
1173 1473 1283 1536 mortui
1292 1471 1367 1560 suut
1386 1473 1417 1536 itt
1436 1473 1501 1558 istis

468 1572 589 1642 diebus!
614 1574 784 1644 Venerunt
812 1599 922 1644 autem
948 1571 990 1643 ad
1016 1599 1092 1643 eum
1109 1571 1297 1644 Curadinus
1321 1576 1356 1644 ὃ(
1380 1574 1500 1663 sayses,

468 1677 579 1748 fratres
598 1679 654 1769 sui,
672 1679 878 1750 consolantes
896 1706 972 1750 eum
990 1681 1025 1749 ὅ(
1042 1675 1205 1761 dicentes:
1225 1684 1369 1767 Domine,
1393 1706 1427 1749 ut
1438 1707 1502 1750 cer-

467 1791 575 1874 nimus,
594 1790 795 1876 Uumt'omest
812 1815 829 1854 a
844 1790 929 1855 nostis
954 1788 1099 1874 alienum,
1118 1789 1227 1856 melius
1245 1789 1342 1879 igitur
1358 1793 1398 1877 est
1415 1790 1502 1856 nobis

466 1894 567 1961 redire
584 1893 761 1985 &reliquus
777 1898 917 1962 civitates
934 1896 1047 1962 ssorum
1060 1893 1091 1961 ἒν
1107 1895 1301 1963 liubiloniam
1316 1894 1347 1962 δ’
1361 1896 1501 1964 dilexer-

467 2000 564 2068 drium
579 2005 703 2087 munire,
716 2028 803 2092 quom
816 2005 954 2091 lticstare
967 2000 998 2068 δ’
1011 2002 1227 2093 desolationem
1241 2008 1368 2093 nostrum
1381 2003 1501 2070 videres

469 2105 566 2200 {gitur
589 2103 666 2175 inde
691 2107 722 2175 se
747 2131 928 2194 moventes,
958 2096 1107 2201 hospicia
1129 2107 1183 2176 sua
1201 2130 1238 2177 ac
1254 2106 1345 2177 villas
1372 2131 1499 2195 omnes,

466 2215 573 2285 vicina
589 2237 723 2307 quoque
741 2214 862 2282 civitati
875 2211 1080 2307 receptacula
1098 2215 1212 2282 omnia
1228 2240 1249 2282 a
1262 2215 1391 2284 civitate
1405 2237 1503 2313 capta

465 2317 548 2388 infra
571 2320 715 2415 quinque
741 2318 841 2390 dietes
867 2318 1093 2415 exspoliantes,
1118 2320 1248 2415 penitus
1270 2345 1501 2391 concremave·
1542 2395 1546 2400 ,

467 2449 552 2516 runt,
570 2424 676 2520 srcque
696 2452 714 2495 a
735 2427 817 2497 facie
840 2426 948 2497 nostra
966 2424 1169 2498 recesserunt.

679 2649 730 2713 ‘De
748 2643 876 2736 ingreffu
894 2650 1056 2734 nostrorum
1073 2649 1103 2712 t‘n
1121 2649 1286 2713 civitatem.

514 2858 684 2930 LVll-LlX.
716 2857 823 2928 Nostri
844 2881 964 2947 autem,
993 2857 1161 2926 civitatem
1185 2857 1353 2944 intrantes,
1386 2879 1500 2926 autum

465 2964 630 3034 infinitum
647 2966 887 3036 invenerunt&
900 2987 1082 3061 argentum,
1108 2964 1183 3034 vasa
1202 2986 1336 3056 quoque
1354 2987 1450 3032 aurea
1466 2963 1501 3031 ἃ

465 3095 619 3168 argentea
637 3073 671 3139 &
688 3097 760 3141 erea
779 3073 814 3141 ἃ
831 3093 1027 3141 ornamenta
1045 3071 1138 3139 omni
1157 3069 1364 3138 metallorum
1382 3095 1501 3166 genere

465 3180 499 3247 &
516 3174 581 3248 stne
606 3203 745 3248 numero
772 3179 866 3248 sacia.
897 3182 1091 3249 [nvenerunt
1116 3178 1215 3245 etiam
1241 3175 1442 3246 frumentum
1466 3179 1501 3246 ἃ

466 3282 606 3354 ordeum
622 3285 785 3355 &oleum
803 3287 837 3354 ἃ
859 3283 993 3378 tapetia,
1014 3279 1174 3369 bancalia,
1202 3304 1331 3377 pannos
1353 3279 1500 3379 strigatos

465 3394 499 3462 ὅ(
518 3391 630 3462 omnia
648 3389 823 3462 necessaria
846 3389 888 3461 ad
906 3391 998 3460 usum
1015 3391 1080 3461 vie
1099 3414 1205 3485 preter
1222 3391 1347 3479 vinum,
1375 3413 1444 3484 quo
1465 3389 1500 3457 ἃ

464 3501 630 3570 Sarraceni
651 3524 721 3568 non
740 3524 871 3568 utuntur
889 3523 949 3568 nec
978 3499 1116 3593 porcina
1133 3521 1239 3568 carne.
1271 3494 1498 3566 Machometus

464 3607 595 3695 etenim,
622 3631 737 3675 eorum
763 3605 842 3702 legis
868 3603 964 3695 lator,
989 3628 1114 3694 verens,
1142 3629 1183 3674 ne
1209 3604 1253 3674 sui
1274 3601 1424 3698 discipuli
1443 3603 1498 3673 ali·

466 3710 600 3806 quando
619 3711 702 3782 forte
719 3737 777 3806 per
794 3709 981 3782 ebrietatem
999 3711 1090 3782 suam
1109 3707 1289 3781 nefandam
1307 3707 1497 3806 detegerent

464 3818 596 3906 sertam,
621 3816 663 3888 ab
681 3818 737 3888 usu
750 3819 816 3888 vini
833 3843 889 3888 eos
902 3818 1030 3912 prorsus
1047 3814 1203 3915 inhibuit,
1214 3813 1322 3911 ficque
1340 3817 1439 3911 usque
1457 3816 1499 3889 ad

465 3926 627 4020 presentes
644 3925 724 4022 legis
750 3949 812 3995 nec
829 3926 952 3996 sanclis
981 3923 1107 3995 inscissa
1139 3926 1303 4021 pertinuit.
1336 3921 1499 3999 Carnibus

465 4029 605 4103 fimiliter
622 4058 690 4103 non
707 4032 879 4103 vescuntur
896 4033 1039 4127 porcinis
1058 4030 1103 4102 ob
1121 4033 1252 4103 causam
1269 4030 1419 4104 devorati
1430 4032 1498 4101 Ma-

466 4137 609 4212 chometi
626 4139 671 4211 sui
688 4167 707 4210 a
726 4141 843 4239 porcis.
874 4139 1003 4214 Omnes
1028 4162 1216 4230 ememtes,
1242 4139 1276 4211 in
1304 4139 1436 4210 civitate
1452 4139 1499 4208 in-
