3462 5110
539 389 590 442 ue
614 388 772 442 rtrum
797 390 999 445 rmsouuru.
1216 374 1263 473 69

231 609 328 707 igitur
345 610 379 680 in
397 607 462 679 boc
487 608 775 700 consentientibus,
802 612 870 708 ipse
894 612 1024 682 senator
1039 612 1194 684 vexillum
1210 615 1262 686 in·
1294 637 1352 683 1218

231 714 320 813 signe
336 717 371 786 in
387 712 515 813 fignum
530 717 696 812 potestatis
712 719 748 788 δι
764 715 902 807 dominij
921 719 1055 815 propria
1069 743 1169 791 manu
1187 745 1263 817 por-

230 825 319 915 rexit,
333 820 487 894 omnibus
496 823 613 894 latinis
622 821 837 916 fideastrislis,
851 849 887 895 ut
897 826 931 895 in
945 823 1099 897 omnibus
1114 829 1262 924 negociis

229 930 369 1027 pacis&
387 926 570 1000 bellinobis
589 953 748 1025 tanquam
764 929 908 1026 patribus
929 929 1110 1004 obedirent.
1128 934 1262 1029 Nosque

230 1035 450 1133 respondendi
475 1060 624 1132 tempore
649 1061 788 1132 accepto
813 1037 1054 1133 qualescunque
1083 1040 1263 1137 gratiarum

229 1145 372 1214 actiones
396 1140 469 1239 ipsis
487 1143 663 1233 retulimus,
686 1141 728 1214 de
745 1141 910 1215 beneficiis
927 1146 1071 1240 acceptis
1090 1148 1263 1244 &pietate

229 1276 306 1348 erga
335 1275 396 1320 nos
423 1250 522 1344 usque
550 1250 585 1320 in
614 1248 717 1322 finem
746 1251 881 1342 servata,
912 1249 1015 1348 quam
1046 1254 1264 1348 equanimiter

229 1359 371 1430 nemoris
399 1357 445 1456 sqi
469 1353 671 1447 incisionem,
703 1357 765 1427 suis
789 1360 925 1430 vetitam
950 1356 1086 1451 civibus,
1115 1386 1136 1430 a
1164 1358 1262 1431 nobis

228 1462 433 1556 tolerassent,
464 1489 564 1559 quam
581 1466 634 1561 pie
652 1490 712 1535 nos
729 1465 763 1534 in
788 1465 850 1535 suis
867 1465 1030 1562 hospiciis,
1058 1491 1159 1562 quam
1181 1467 1263 1539 lide·

227 1572 298 1643 liter
313 1573 348 1642 in
366 1572 572 1642 commerciis
593 1569 799 1663 traslassent3
828 1599 928 1668 quam
952 1572 1095 1643 humane
1113 1563 1262 1644 infirmos

228 1678 354 1749 nostros
371 1674 555 1768 visitassent,
574 1675 729 1773 quicquid
744 1678 796 1749 vel
814 1680 885 1748 usus
903 1681 1090 1750 communis
1109 1679 1162 1751 vel
1174 1681 1257 1774 peri·

227 1785 277 1856 cia
287 1781 485 1881 phisicorum
497 1785 531 1854 in
545 1783 727 1855 remedium
741 1783 934 1855 morborum
951 1784 1129 1877 adinvenit,
1149 1786 1260 1856 secum

227 1888 396 1961 afferentes
409 1892 444 1959 &
457 1914 556 1984 prout
568 1891 688 1986 cuique
701 1915 785 1985 opus
799 1915 867 1961 erat
879 1891 1123 1988 impercientes3
1138 1914 1263 1986 quanta

228 1998 347 2093 pietate
365 1994 511 2066 infirmos
528 1997 655 2068 nostros
673 2021 709 2066 ut
721 1996 805 2066 filios
825 1998 895 2068 suos
908 1995 1140 2094 deplorallent,
1158 1996 1263 2092 sepul·

228 2103 305 2174 ebra
324 2128 440 2173 eorum
457 2127 492 2172 ut
508 2104 696 2174 sandlorum
713 2129 902 2176 venerantes
920 2107 955 2174 ἃ
971 2128 1086 2176 cetera.
1113 2105 1171 2174 Pro
1190 2104 1260 2198 qui-

226 2207 286 2280 bus
313 2205 467 2279 omnibus
492 2209 591 2278 nostri
616 2207 737 2280 laboris
767 2211 977 2307 participium
998 2212 1164 2282 &Deum
1186 2207 1260 2306 ipsis

226 2312 452 2388 retributorem
477 2316 718 2404 constituentes,
750 2342 818 2387 non
849 2313 914 2386 stne
946 2316 1086 2387 lacrimis
1115 2314 1157 2386 ab
1185 2312 1260 2411 ipsis

226 2420 325 2514 divifi,
350 2423 384 2491 in
409 2419 461 2492 die
478 2423 752 2492 Annunciationis
780 2420 947 2493 dominice
969 2422 1042 2494 vela
1067 2423 1259 2513 levavimus,
1270 2448 1338 2498 Mart.
1350 2463 1387 2512 ας.

226 2532 261 2599 ἃ
282 2557 341 2626 pet
357 2527 446 2600 diem
464 2532 498 2600 ὅ(
515 2534 650 2600 noc‘lem
664 2531 821 2626 prospere
839 2531 1043 2628 navigantes,
1060 2531 1163 2602 ventis
1180 2555 1261 2599 con·

226 2639 327 2708 trariis
343 2638 377 2707 in
393 2662 527 2732 portum
543 2638 669 2707 Veteris
682 2637 833 2708 Civitatis
850 2638 957 2707 sumus
979 2638 1107 2709 revecti.
1135 2638 1166 2707 Α
1190 2661 1259 2732 quo

226 2744 347 2816 eodem
364 2742 417 2813 die
435 2743 513 2813 seria
530 2744 628 2814 tercia
645 2741 842 2834 recedentes,
859 2744 938 2815 velis
956 2743 1111 2839 aquilone
1128 2767 1257 2816 tumen·
1270 2749 1338 2798 Mare
1349 2766 1386 2810 27-

226 2849 320 2942 tibus,
341 2851 443 2920 hostia
459 2847 622 2938 Tiberina,
648 2851 820 2947 Tagetam,
838 2851 941 2942 baias,
966 2850 1154 2946 Neapolim,
1174 2852 1257 2923 Prin-

225 2962 382 3056 cipatum,
396 2955 562 3052 Apuliam,
575 2954 775 3047 Calabriam,
784 2957 937 3049 Siciliam,
947 2983 1015 3053 quo
1026 2956 1254 3048 tendebamus,

224 3066 442 3160 relinquentes
459 3063 502 3134 ad
519 3065 637 3152 levam,
656 3064 744 3135 sexto
763 3063 899 3135 tandem
916 3062 979 3154 die,
1007 3064 1086 3134 feria
1103 3065 1255 3158 secunda,
1268 3081 1314 3143 Ar·
1325 3094 1348 3127 a

224 3169 369 3265 pluribus
394 3169 564 3270 defatigati
589 3171 736 3267 periculis
752 3198 791 3242 ex
806 3171 975 3267 impericia
992 3168 1136 3242 duc‘loris
1152 3173 1187 3242 in
1204 3173 1255 3242 in-

224 3278 337 3365 sulam,
364 3305 428 3374 que
451 3278 568 3349 dicitur
584 3279 774 3374 lampeosa,
800 3275 885 3348 duce
904 3277 1035 3349 Cbrislo
1053 3276 1256 3370 devenimus,

224 3383 409 3456 assarbaria
431 3386 669 3482 quinquaginta
694 3383 871 3456 miliaribus
896 3382 1077 3454 distantem
1105 3383 1169 3456 Ubi
1186 3411 1256 3455 cur·

144 3523 210 3573 e35.
224 3491 322 3563 sarios
348 3494 515 3565 lanuenses
543 3493 577 3562 in
603 3493 697 3590 galea
724 3517 789 3561 una
813 3490 945 3562 feliciter
961 3491 1156 3579 invenimus,
1187 3493 1255 3586 qui,

225 3597 402 3695 depredata
413 3597 562 3670 barbaria
574 3602 608 3670 ὅ(
622 3599 724 3694 captis
737 3599 930 3688 Sarracenis,
945 3597 1135 3692 tempestate
1148 3601 1257 3670 coasti

222 3705 287 3776 illic
301 3708 334 3777 in
351 3731 450 3803 portu
468 3707 601 3803 recepti,
621 3706 727 3776 socios
748 3732 767 3775 a
784 3704 817 3775 se
835 3703 954 3776 divisos
972 3702 1200 3800 expedlabant.
1224 3707 1256 3777 Α

224 3809 339 3908 quibus
363 3811 406 3884 de
424 3839 532 3884 errore
559 3814 669 3884 nostro
693 3816 728 3883 &
755 3807 990 3882 inminentibus
1014 3811 1163 3907 periculis
1191 3813 1254 3884 sus·

221 3918 365 3992 sicienter
389 3921 543 4011 instructi,
574 3943 688 4016 quarta
706 3919 785 3990 seria
807 3919 913 3990 versus
930 3917 1075 3989 Siciliam
1106 3920 1254 3988 trecentis
1267 3935 1346 3996 tls-4·

222 4025 398 4099 miliaribus
423 4054 442 4098 a
472 4051 566 4124 tergo
592 4027 737 4098 relictam
763 4051 877 4123 proras
905 4022 1087 4095 direximus.
1117 4022 1254 4095 Emensis

221 4134 318 4238 igitur
344 4157 411 4211 120
429 4131 606 4209 miliaribus
624 4133 782 4211 Maltham
797 4132 936 4208 insulam
953 4129 1163 4224 devenimus,
1189 4155 1255 4232 qua
