3466 5110
436 335 483 418 24
842 331 1057 388 orotuncto

434 555 533 625 timot
557 555 705 645 Domini,
733 552 861 626 habitus
884 580 947 652 pto
969 555 1111 651 peccatis
1123 588 1133 646 3
1162 551 1231 625 lob.
1247 554 1371 643 (xxxl,
1392 555 1464 652 23),

436 664 585 755 «Semper
601 668 691 732 timui
710 668 885 750 Dominum,
903 670 984 759 quast
994 666 1107 754 studius
1124 686 1266 731 tumentes
1272 664 1367 756 super
1383 688 1462 730 me.»

432 766 531 836 Terre
549 791 659 837 autem
676 791 770 837 motu
788 767 950 857 veniente,
979 764 1001 836 fi
1027 789 1110 836 terra
1126 767 1312 862 aperiretur,
1340 768 1467 836 timeret
1479 787 1502 830 Α
1513 782 1530 831 f.
1543 782 1636 843 642,c.
1649 797 1670 828 2.

435 871 571 970 quilibet
590 871 755 946 absorberi
767 901 787 946 a
799 900 893 965 terra,
907 875 1012 946 multo
1031 875 1152 946 sorcius
1165 877 1303 973 clangor
1316 871 1466 945 tubarum

435 981 622 1051 Domini&
638 982 770 1076 apetcio
785 982 904 1052 inferni
918 983 1022 1052 timeri
1035 978 1167 1055 debent.
1182 983 1315 1053 Tercius
1329 981 1467 1078 angulus

436 1089 480 1159 est
496 1084 693 1158 abstinencia
711 1112 827 1158 contra
843 1089 1101 1185 prosperitatem,
1131 1115 1173 1160 ne
1196 1087 1231 1160 stt
1253 1089 1357 1158 homo
1375 1085 1467 1158 habi·

435 1219 507 1266 tans
522 1193 558 1262 in
575 1220 659 1264 terra
676 1193 756 1266 licut
772 1194 869 1290 talpa.
889 1196 1033 1290 Qartus
1054 1195 1098 1265 est
1111 1197 1279 1292 paciencia
1293 1209 1302 1241 ¹
1315 1196 1350 1264 in
1367 1191 1467 1264 tribu·

434 1301 564 1371 lacione
579 1304 764 1396 «secundum
779 1304 999 1372 multitudinem
1007 1305 1145 1372 dolorum
1156 1331 1311 1374 meorum»
1328 1299 1467 1398 (Psalm,

436 1426 545 1496 XCIII,
570 1411 639 1504 19),
653 1412 688 1479 ἃ
702 1441 709 1480 :
730 1440 747 1471 <r
759 1413 795 1478 Si
814 1412 960 1499 dicebam,
976 1435 1075 1478 morus
1087 1417 1126 1502 ιβ
1133 1437 1191 1504 pes
1204 1435 1310 1479 meur»
1325 1407 1466 1505 (Psalm,

436 1534 543 1606 xclll,
564 1517 633 1608 18),
643 1541 678 1585 ut
693 1512 729 1585 sis
745 1540 826 1612 ergo
840 1515 967 1586 securus
980 1513 1021 1586 ab
1034 1516 1175 1605 inferno,
1187 1547 1205 1580 α
1215 1518 1280 1587 leuc
1293 1518 1434 1609 clipeum,
1449 1546 1465 1577 u

436 1621 502 1692 hoc
528 1621 583 1711 est,
609 1627 762 1695 crucem!
793 1648 857 1717 que
880 1620 940 1692 stnt
963 1624 998 1692 in
1022 1649 1122 1694 manu
1150 1647 1204 1694 tua
1229 1649 1289 1719 per
1305 1619 1469 1711 effectum,

436 1728 566 1814 scilicet,
598 1759 616 1792 <c
633 1737 677 1799 in·
695 1757 783 1823 opere
804 1755 906 1800 contro
930 1732 1029 1800 urbem
1054 1735 1121 1800 Hui
1135 1761 1154 1792 u
1185 1730 1271 1820 (los,
1294 1748 1373 1816 vul,
1398 1731 1468 1820 18),

437 1833 591 1906 adhereas
604 1835 713 1908 cruci!
732 1837 895 1906 Dominus
913 1837 947 1905 in
964 1835 1152 1932 Evangeli03
1168 1867 1185 1899 c<
1203 1841 1295 1906 Beati
1308 1842 1387 1929 estis,
1402 1863 1469 1905 cum

437 1945 647 2012 maledixerint
662 1946 758 2029 vobis,
777 1945 857 2031 ἂι,
870 1947 1000 2036 gaudete
1013 1943 1044 2012 t>
1057 1945 1196 2033 exultate,
1209 1949 1347 2034 quoniam
1360 1969 1471 2013 merces

437 2055 529 2141 vestro
547 2053 671 2143 copiosa
690 2055 774 2141 estin
795 2051 870 2118 celis
886 2081 904 2112 u
925 2048 1067 2140 (Matth,
1085 2069 1120 2137 V,
1144 2075 1179 2120 11
1203 2049 1288 2144 seq.)
1303 2054 1310 2122 l

489 2161 589 2227 ltem:
607 2159 796 2248 Amos(1x,
815 2159 869 2252 b),
895 2189 912 2220 a
927 2161 1091 2247 Edifirauit
1110 2161 1261 2226 Dominus
1278 2159 1469 2254 oscenfiortem

430 2267 521 2359 suom
535 2271 567 2333 in
581 2266 671 2334 celo»
686 2289 744 2359 per
756 2262 901 2360 lapidem
913 2265 947 2332 in
961 2263 1120 2359 scpulct0,
1130 2290 1188 2360 per
1201 2263 1322 2334 serrum
1334 2267 1368 2333 ὅ(
1380 2263 1471 2361 ligna

438 2370 473 2441 in
490 2395 596 2462 cruce,
624 2395 683 2466 per
703 2370 838 2442 vulnera
861 2373 895 2440 ἀ
914 2371 1109 2468 sanguinem
1126 2370 1204 2458 eius,
1222 2367 1310 2440 unde
1327 2371 1361 2439 in
1379 2371 1469 2442 Can·

440 2476 494 2546 tici
520 2501 592 2572 cap.
619 2497 643 2546 V
665 2475 703 2572 (9
723 2477 817 2573 seq.),
845 2508 864 2540 tc
882 2479 994 2570 Qualis
1017 2483 1056 2568 ιβ
1080 2480 1209 2546 dilec‘lus
1227 2479 1320 2564 Tuus,
1339 2479 1471 2546 diledlus

440 2610 521 2654 meus
538 2587 685 2653 condidus
712 2583 743 2652 e«
768 2586 946 2654 rubicundus
959 2589 972 2652 l
988 2615 1006 2647 υ
1027 2584 1104 2678 quia
1127 2580 1286 2654 candidus
1305 2609 1363 2680 per
1375 2585 1471 2655 inno-

441 2691 590 2760 cenciam
609 2692 644 2759 &
662 2687 860 2760 rubicundus
877 2715 936 2786 per
952 2690 1153 2788 sanguinem.

491 2800 591 2866 ltem:
618 2795 770 2892 Exempla
795 2796 905 2891 aliqua
928 2822 1063 2892 quoque
1087 2799 1324 2888 interserantur,
1349 2823 1419 2867 tum
1438 2820 1473 2865 ut

441 2903 547 3000 magis
565 2898 703 2972 reddant
722 2900 884 2972 auditores
912 2927 1054 2973 attentos
1072 2927 1141 2975 tum
1156 2930 1290 3001 propter
1311 2905 1473 2975 remocio-

442 3034 520 3078 nem
534 3006 627 3098 tedij,
643 3032 712 3077 tum
726 3031 762 3077 ut
775 3034 832 3104 per
846 3010 995 3106 exempla
1008 3009 1148 3081 aliorum
1163 3013 1267 3108 magis
1280 3034 1475 3084 moveantur

442 3113 485 3187 ad
505 3115 757 3205 contricionem,
775 3138 844 3188 turn
862 3140 898 3185 ut
915 3117 1020 3213 magis
1047 3117 1196 3188 fallacem
1214 3115 1330 3189 mundi
1350 3118 1473 3190 vanita-

443 3246 511 3292 tem
531 3244 781 3318 contempnunt,
811 3247 846 3292 ut
869 3222 1005 3316 aliquod
1030 3221 1215 3295 huiusmodi
1240 3222 1331 3296 verbi
1355 3224 1473 3321 gracia.

443 3329 523 3399 Tres
541 3328 652 3398 fratres
665 3328 783 3399 milites
797 3330 926 3402 suerunt
938 3332 972 3400 in
988 3326 1076 3400 bello
1093 3336 1208 3403 contra
1221 3331 1428 3428 Albigensos,
1441 3332 1476 3400 ὅ(

443 3435 538 3506 multi
556 3433 668 3506 fideles
693 3434 978 3527 interficiebantur,
1001 3435 1089 3507 unde
1111 3436 1178 3508 duo
1195 3439 1326 3508 illorum
1344 3437 1475 3507 fratrum

443 3539 558 3612 flentes
579 3539 733 3612 dicebant
750 3544 869 3614 tercio:
887 3543 968 3613 Proh
986 3542 1093 3633 dolor,
1110 3542 1211 3615 hodie
1228 3571 1343 3615 omnes
1356 3545 1474 3614 morie·

442 3654 538 3721 mur!
564 3649 695 3720 Tercius
712 3671 822 3718 autem
845 3651 1036 3720 confortans
1054 3651 1166 3722 fratres
1182 3652 1276 3722 sitos:
1298 3653 1477 3722 Moriamur
1489 3675 1512 3720 A
1524 3673 1541 3720 f.
1553 3675 1615 3732 ⁶412,
1626 3688 1643 3718 c,
1656 3683 1673 3714 1.

444 3780 507 3852 pto
522 3780 574 3845 eo,
593 3756 650 3850 qui
666 3780 728 3852 pro
748 3753 843 3826 nobis
857 3781 1004 3827 mortuus
1021 3757 1088 3848 est3
1112 3789 1129 3821 o
1145 3765 1199 3830 ltor
1212 3766 1242 3829 io
1255 3787 1291 3829 ne
1299 3762 1356 3854 soi
1372 3760 1477 3828 meilur

444 3867 581 3934 morchie‘
594 3868 629 3930 lte
640 3888 702 3957 pur
715 3889 753 3932 un
772 3868 820 3933 iur
838 3866 1016 3956 depeuonre
1033 3867 1130 3934 alerci
1149 3871 1229 3935 Dru.
1243 3897 1261 3929 u
1282 3867 1383 3962 Surge
1396 3889 1476 3960 ergo

482 4113 491 4150 1
509 4095 673 4168 Bsapiencia.
