3462 5110
474 333 540 408 128
761 347 953 402 mannitus
969 349 1020 402 ou
1037 348 1184 404 suarna
1282 425 1285 430 Ι

433 567 611 678 XXV
612 571 657 638 111
683 571 718 639 sn
741 490 853 666 iigifia
873 569 981 640 Sandi
1006 567 1157 641 Iohannis
1173 569 1311 690 Baptiste¹
1331 569 1405 668 post
1424 570 1492 643 ves·

382 631 559 773 ¹¹²3peras
572 696 730 748 venerunt
742 673 831 744 iuxta
843 671 997 746 fossatum
1009 675 1155 748 nostrum
1167 677 1233 748 fere
1246 647 1390 774 quiirque
1402 676 1492 748 milia

466 783 597 880 Pagani,
622 784 657 853 δι
677 783 774 853 exivit
793 783 876 853 inter
896 808 954 853 eos
972 781 1126 854 dominus
1149 784 1324 856 lohannes
1332 782 1375 856 de
1395 785 1493 854 Areia

465 915 540 962 cum
560 912 701 984 quatuor
721 888 825 980 sociis,
844 890 879 959 δε
896 889 972 961 fecit
990 916 1148 989 magnam
1165 891 1391 988 prudenciam,
1415 891 1493 986 quia

466 1021 582 1070 omnes
598 997 671 1068 illos
686 997 824 1096 fugavit,
840 1000 875 1067 ἃ
892 1021 1038 1070 mortuus
1056 998 1116 1069 fuit
1132 1025 1214 1070 unus
1233 998 1275 1070 de
1292 1000 1417 1070 nostris.

513 1103 627 1176 XXIX.
658 1109 692 1175 sn
721 1103 781 1174 illis
808 1101 921 1176 diebus
947 1107 1095 1202 precepit
1118 1104 1274 1178 dominus
1297 1106 1436 1204 legatus,
1459 1130 1493 1177 ut

465 1236 581 1282 omnes
607 1212 793 1309 acciperent
813 1213 1046 1309 penitenciam,
1080 1215 1156 1308 quia
1181 1211 1325 1302 volebat,
1351 1239 1408 1285 eos
1433 1240 1492 1311 pu·

464 1345 566 1417 gnare
583 1344 660 1389 cum
677 1320 858 1390 Sarracenis
875 1320 909 1389 in
927 1345 1060 1417 campo,
1076 1322 1112 1391 ὃ(
1128 1345 1258 1391 currum
1275 1320 1398 1392 fadlum
1415 1345 1492 1412 erat,

465 1423 521 1496 ubi
533 1425 687 1499 vexillum
699 1425 956 1498 Christianorum
971 1452 1095 1524 ponere
1109 1425 1282 1501 debebant.
1298 1429 1392 1502 Tunc
1404 1432 1492 1528 prin·

465 1534 554 1629 cipes
566 1535 667 1608 nostri
678 1532 849 1608 confilium
865 1533 1058 1626 habuerunt,
1078 1534 1170 1631 quod
1183 1561 1254 1608 non
1266 1535 1342 1608 esset
1353 1535 1491 1627 bonum,

465 1665 614 1740 pugnare
635 1643 669 1713 in
694 1667 828 1740 campo,
855 1645 931 1739 quia
956 1642 1132 1740 oportebat
1152 1670 1299 1743 pugnare
1322 1645 1357 1715 in
1382 1644 1492 1715 civita-

466 1774 534 1822 tem
559 1751 594 1820 &
624 1749 748 1822 servare
772 1748 928 1821 fossamm
947 1751 1102 1841 nostrum,
1128 1754 1163 1823 δε
1191 1778 1269 1824 cum
1291 1749 1431 1824 soldano
1459 1751 1493 1819 in

468 1881 601 1953 camp0,
624 1859 737 1952 &pro
756 1881 961 1953 unoquoque
980 1856 1166 1930 Christiano
1184 1882 1275 1932 erant
1291 1858 1495 1956 septuaginta

466 1965 597 2063 Pagani,
613 1966 648 2036 &
666 1961 707 2034 fic
724 1987 793 2034 non
809 1962 963 2036 valebant
977 1989 1124 2062 pugnare
1141 1990 1217 2037 curn
1236 1967 1289 2037 eis.

378 2091 421 2138 tut.
433 2091 454 2138 a.
516 2072 618 2144 XXX
645 2076 679 2143 sn
700 2073 820 2143 oslavo
839 2069 892 2142 die
910 2071 976 2161 sulii
996 2097 1155 2145 venerunt
1177 2099 1254 2145 cum
1270 2071 1415 2163 chochis,
1440 2069 1494 2142 ubi

467 2205 559 2255 erant
572 2178 666 2270 scale,
684 2180 899 2250 &erexerunt
915 2177 959 2249 ad
974 2181 1084 2251 menia
1096 2180 1232 2253 civitatis
1251 2205 1309 2276 pet
1320 2177 1444 2251 flumen
1460 2181 1495 2250 δε

466 2310 694 2386 pugnaverunt
705 2311 763 2382 per
778 2283 861 2356 duos
874 2283 942 2356 dies
954 2309 1030 2355 cum
1043 2287 1101 2372 eis,
1117 2289 1152 2356 ἃ
1166 2287 1285 2384 Pagani
1298 2311 1374 2356 curn
1388 2309 1493 2382 petra·

464 2398 517 2466 riis
533 2397 569 2466 dt
581 2390 769 2465 tribuchetis
786 2393 909 2489 &igne
922 2393 954 2463 se
968 2391 1196 2482 defenderunt,
1209 2395 1244 2464 δε
1257 2393 1356 2464 scalas
1370 2392 1493 2463 nostras

465 2528 523 2599 per
547 2501 653 2598 plures
681 2501 768 2571 vices
793 2494 983 2570 videbamus
1013 2498 1228 2592 comburere3
1254 2499 1320 2570 hoc
1347 2497 1493 2570 videntes
1506 2512 1519 2558 f·
1533 2509 1586 2572 ³2¹³·

465 2609 638 2682 Christiani
650 2606 780 2703 plorare
794 2630 960 2702 ceperunt,
973 2606 1264 2702 &prosternebant
1276 2607 1308 2677 se
1319 2607 1353 2676 in
1366 2629 1449 2677 terra
1459 2607 1494 2676 δι

466 2715 600 2787 osculati
616 2737 710 2784 erant
721 2737 796 2782 eam
810 2714 844 2784 δε
857 2737 981 2784 nornen
995 2713 1134 2784 Domini
1145 2711 1346 2785 invocabant
1359 2714 1395 2783 ὃ(
1408 2710 1493 2782 dice·

463 2819 563 2895 bant:
590 2825 721 2891 Domine
747 2821 832 2911 sstesu
859 2821 987 2912 Cstriste,
1013 2827 1065 2911 qui
1087 2821 1219 2913 liberasti
1240 2846 1300 2892 tres
1319 2838 1432 2914 pueros
1458 2821 1494 2887 de

464 2936 582 3000 comino
600 2934 684 3024 ignis
701 2931 836 2999 ardentis
845 2936 912 3025 fine
923 2929 987 2998 ullo
1000 2929 1107 3024 sefione
1123 2926 1181 3020 (cf.
1197 2929 1295 3020 Dan,
1312 2945 1337 3017 1,
1351 2927 1385 3018 ό,
1401 2927 1493 3021 seq.),

458 3045 512 3132 fic,
532 3041 675 3127 Domine,
701 3037 797 3105 libera
810 3038 918 3129 savos
940 3035 1021 3105 Tuos
1044 3038 1081 3105 de
1108 3041 1190 3105 omni
1214 3036 1305 3122 malo,
1334 3059 1367 3104 ur
1389 3061 1447 3105 nort
1463 3036 1494 3122 se

372 3195 373 3198 ,
465 3145 593 3214 exultent
607 3147 754 3238 Paganis
1502 3183 1511 3204 .

514 3249 629 3321 ΧΧΧ1.
649 3247 684 3320 Et
702 3244 761 3342 ipst
778 3271 932 3342 ceperunt
951 3247 1059 3319 facere
1074 3244 1213 3344 signum,
1230 3249 1266 3318 ὅ(
1283 3244 1388 3318 subito
1405 3247 1493 3319 venit

465 3357 619 3429 soldanus
646 3379 722 3425 cum
748 3353 931 3445 Coradin0,
959 3357 994 3424 ἃ
1019 3378 1095 3425 cum
1120 3349 1271 3426 omnibus
1300 3354 1361 3424 suis
1391 3353 1494 3450 genti-

466 3460 578 3532 busin
604 3458 758 3532 fossatum
775 3458 950 3549 intrabant,
973 3461 1018 3549 ἃ,
1043 3482 1167 3554 quanto
1189 3485 1251 3531 nos
1275 3459 1377 3530 acrius
1396 3484 1492 3554 expu-

464 3565 648 3662 gnabamus
665 3591 724 3663 per
743 3589 869 3654 terram,
890 3587 982 3636 tanto
997 3565 1103 3662 magis
1116 3566 1293 3661 expugnati
1310 3589 1436 3634 eramus
1452 3560 1493 3634 ab

465 3674 561 3745 eisin
580 3672 724 3762 chochis,
750 3675 785 3744 δε
809 3671 852 3744 ad
873 3668 1029 3742 fossatum
1054 3672 1176 3741 mortui
1199 3669 1436 3767 aliquantulum
1452 3668 1493 3740 de

465 3779 662 3851 Christianis.
690 3778 725 3849 Et
745 3802 823 3853 tunc
841 3775 982 3874 'quidam
998 3779 1190 3849 Sarracenus
1207 3779 1297 3850 venit
1311 3775 1352 3848 de
1368 3775 1444 3849 villa
1459 3778 1493 3848 ἃ

465 3884 555 3979 dixit,
572 3885 666 3982 quod
683 3887 805 3957 mortui
816 3909 918 3976 erant,
936 3887 971 3956 ὅ(
982 3883 1142 3957 vulnerati
1158 3886 1243 3956 intus
1260 3884 1343 3956 ultra
1357 3883 1446 3955 mille
1458 3884 1492 3953 ἀ

466 3993 661 4090 offingenti,
678 3994 713 4063 δι
730 3993 859 4090 Pagani,
879 3993 933 4088 qui
950 4014 1042 4062 erant
1063 3991 1098 4061 in
1110 4015 1232 4088 campo
1250 4015 1326 4062 cum
1343 3988 1491 4082 soldano,

466 4095 656 4172 defecerunt
674 4099 709 4168 in
726 4096 876 4194 quintam
891 4118 1029 4195 partem.
