3462 5110
499 393 567 472 ¹44
735 392 846 446 amun
871 392 1024 446 bunun
1049 391 1275 448 crrmsrmur

420 633 478 682 ¹218
541 617 589 686 111.
613 611 803 686 Contristati
828 613 937 685 sumus
963 613 1159 686 multociens
1183 637 1245 712 pro
1268 612 1414 711 quadam
1441 616 1518 686 turri

492 720 708 813 munitissima,
730 722 825 818 supet
841 721 1030 820 congeriem
1048 720 1216 820 lignorum
1230 721 1267 792 in
1282 719 1395 793 medio
1410 719 1517 792 flumi-

492 829 541 900 nis
550 826 715 901 sabricata.
730 832 763 898 ln
773 827 836 899 hac
847 828 937 899 enim
945 853 1074 899 camere
1085 851 1187 921 erant,
1200 825 1279 899 srcut
1287 829 1381 926 supra
1393 827 1518 899 dissum

491 936 547 1025 est,
565 936 771 1034 septuaginta
791 937 826 1006 δι
841 936 876 1006 in
894 931 1024 1033 singulis
1039 935 1088 1006 his
1105 936 1164 1006 tria
1180 935 1333 1028 archeria,
1349 937 1384 1007 in
1402 933 1517 1032 quibus

491 1042 608 1114 milites
625 1043 759 1115 trecenti
784 1067 861 1113 cum
888 1042 996 1114 multis
1014 1040 1131 1114 balillis
1150 1045 1185 1114 &
1208 1043 1305 1114 armis
1321 1045 1356 1114 &
1379 1067 1441 1115 tres
1456 1045 1517 1116 mi·

472 1235 475 1242 ¹
492 1151 563 1240 tarij
580 1147 623 1221 ad
642 1147 887 1224 defendendum
907 1149 1070 1221 constituti
1086 1152 1121 1221 &
1138 1149 1290 1221 vislualia
1308 1150 1410 1223 multa
1427 1176 1518 1224 erant

433 1265 435 1270 ’
490 1256 563 1349 illis,
585 1255 629 1327 ad
645 1281 769 1328 annum
789 1254 989 1327 sufficientia.
1018 1257 1097 1328 Tres
1114 1258 1213 1329 etiam
1240 1281 1355 1329 catene
1376 1283 1467 1330 erant
1483 1261 1518 1330 in

491 1390 530 1435 ea
547 1364 740 1435 conclavate
756 1365 857 1459 usque
881 1362 925 1434 ad
949 1389 1060 1435 mutos
1078 1365 1225 1457 civitatis,
1251 1366 1297 1436 ita
1320 1364 1413 1461 quod
1429 1366 1518 1438 nulla

491 1472 582 1545 navis
594 1497 653 1568 per
665 1467 801 1542 fluvium
814 1469 922 1568 posset
934 1468 1117 1561 ascendere,
1135 1471 1279 1567 ideoque
1292 1471 1391 1542 nostri
1401 1474 1516 1568 nequi-

490 1577 571 1650 bant
583 1579 704 1652 civitati
719 1579 986 1674 appropinquare
999 1580 1034 1649 &
1047 1579 1238 1650 erdltuentes
1250 1578 1350 1650 scalas
1365 1581 1400 1651 in
1412 1581 1518 1676 prima

402 1684 545 1757 1u1·1·die
561 1685 629 1776 lulij
647 1681 879 1756 debellavimus
896 1686 1009 1756 turrim
1025 1709 1187 1782 putantes,
1210 1710 1273 1756 nos
1289 1683 1383 1782 posse
1400 1711 1517 1783 capere

491 1818 574 1864 eam.
595 1791 686 1864 Scale
702 1815 782 1864 veto
799 1790 898 1862 fratte
916 1791 1057 1885 suerunt,
1075 1818 1175 1888 quarn
1195 1793 1262 1862 cito
1276 1794 1355 1864 turri
1370 1794 1443 1864 sunt
1460 1819 1516 1890 ap-

490 1895 605 1997 posite,
618 1900 654 1969 &
669 1897 742 1994 plus
755 1922 856 1993 quam
873 1921 1006 1969 centum
1021 1891 1294 1972 strenuissimi-viri
1307 1900 1424 1972 milites
1442 1925 1517 1972 curn

491 2029 614 2102 nepote
633 2003 723 2076 ducis
736 2006 861 2076 Austrie
877 2007 912 2076 in
929 2031 1016 2102 aqua
1033 2004 1183 2078 submerfi
1197 2008 1279 2079 sunt.

541 2113 593 2185 lV.
611 2117 728 2184 lterum
748 2113 834 2184 fasta
850 2112 894 2184 est
917 2112 980 2184 alia
997 2113 1082 2186 scala
1098 2111 1140 2185 ab
1161 2111 1416 2186 Austrafionibus
1433 2115 1517 2186 &in

366 2238 426 2298 Aut.
439 2250 477 2298 24.
490 2219 571 2291 sesto
602 2219 711 2292 sautu·
738 2219 937 2292 Bartolomei
965 2217 1070 2318 posita
1096 2220 1140 2291 est
1173 2218 1216 2291 ad
1246 2220 1370 2292 turrim.
1404 2221 1517 2318 Qtam

491 2325 649 2418 videntes,
674 2326 795 2426 Pagani
818 2327 983 2398 eiecerunt
997 2328 1113 2424 ignem
1130 2326 1306 2399 sulfureum
1322 2327 1417 2425 super
1433 2355 1517 2422 eam,

490 2458 555 2528 que
573 2434 669 2504 nimis
693 2433 828 2504 accensa
845 2432 900 2524 est,
924 2434 959 2503 ὅ(
980 2458 1107 2522 omnes,
1125 2433 1181 2529 qui
1202 2459 1276 2506 eam
1295 2432 1515 2522 ascenderant,

407 2583 411 2592 ·
489 2538 682 2613 videbantur
697 2540 843 2611 cremari.
874 2539 955 2636 Quo
972 2539 1052 2630 viso,
1078 2537 1337 2613 Christianorum
1362 2542 1517 2612 exercitus

489 2647 700 2744 prosternitur
717 2669 814 2736 totus,
832 2644 972 2718 fiundens
994 2645 1144 2718 lacrimas
1161 2671 1238 2716 cum
1254 2645 1456 2720 orationibus
1474 2645 1516 2718 ad

489 2753 685 2844 Dominum,
711 2750 768 2823 sed
793 2753 907 2824 arterie
928 2751 1108 2824 multorum
1133 2776 1262 2825 tantum
1280 2777 1372 2828 erant
1387 2754 1516 2851 exaspe-

488 2883 567 2951 rare,
586 2857 679 2954 quod
702 2859 755 2930 vix
774 2856 942 2931 dicebant:
968 2863 1103 2930 Domine
1118 2863 1278 2954 miserete!
1302 2860 1393 2934 Cum
1408 2861 1516 2932 autem

488 2967 631 3065 primam
652 2965 769 3036 horam
789 2963 927 3038 essemus
951 2965 1069 3044 in‚hac
1092 2966 1231 3058 tristicia,
1256 2963 1361 3038 subito
1377 2965 1516 3040 vidimus

488 3073 600 3146 lumen
623 3072 820 3144 immensum
842 3073 1010 3144 coruscare
1031 3073 1126 3170 super
1149 3074 1326 3146 exercitum
1341 3074 1377 3143 δι
1391 3073 1426 3144 in
1441 3074 1517 3144 turri

488 3182 597 3252 sancte
610 3179 713 3251 crucis
729 3178 891 3251 vexillum
910 3179 970 3249 His
982 3176 1065 3271 visis,
1082 3204 1163 3275 quas
1181 3205 1220 3251 ex
1232 3179 1319 3250 luctu
1335 3180 1516 3271 amiserant,

392 3348 396 3358 .
488 3311 588 3360 voces
615 3285 787 3358 confestim
803 3308 1085 3381 recuperaverunt,
1103 3286 1215 3380 itaque
1239 3287 1331 3358 turris
1349 3309 1446 3381 capta
1461 3284 1515 3374 est,
1547 3279 1551 3288 '

488 3397 524 3468 ἃ
535 3395 623 3492 capti
639 3393 770 3466 fuerunt
786 3393 821 3466 in
839 3419 877 3464 ea
893 3419 1009 3468 omnes
1026 3394 1143 3466 milites
1161 3419 1238 3465 cum
1256 3391 1354 3466 tribus
1371 3395 1513 3466 mirariis.

537 3501 578 3573 V.
593 3501 752 3599 Quicum
765 3497 855 3570 dusli
867 3497 998 3572 fuissent
1014 3524 1090 3572 ante
1108 3498 1227 3572 ducem
1244 3501 1379 3592 Austrie,
1397 3497 1515 3597 queste

489 3630 574 3695 runt,
606 3603 741 3680 ubinam
765 3603 867 3680 client
891 3607 1020 3694 milites,
1051 3608 1108 3704 qui
1133 3603 1190 3680 srbi
1214 3608 1249 3678 in
1276 3603 1414 3688 vestibus
1437 3605 1515 3680 albis

489 3713 772 3810 apparuerant&
798 3719 944 3802 intereos
972 3718 1062 3784 etium
1087 3718 1210 3806 quidam
1234 3719 1340 3786 rubeus
1361 3740 1436 3804 oar,
1464 3718 1515 3806 qui

489 3846 590 3892 omnes
614 3820 817 3890 modulatione
842 3822 926 3890 dulci
948 3854 959 3890 .·
980 3823 1023 3889 'l'e
1046 3826 1145 3890 Deum
1172 3822 1331 3895 laudamus
1351 3824 1514 3915 personan-

488 3951 534 3998 tes
551 3951 606 3996 nos
614 3927 777 4017 fortiffime
793 3930 1010 4020 expugnabant.
1041 3927 1136 3998 Tunc
1153 3951 1269 3998 omnes
1287 3927 1387 3998 nostri
1404 3921 1514 3998 ostenfi

489 4033 561 4104 sunt
578 4033 635 4123 eis,
653 4032 709 4127 qui
725 4029 893 4104 dixerunt:
918 4034 1056 4127 Qullut
1077 4037 1198 4125 istorum
1216 4040 1320 4129 invctfit
1333 4059 1397 4104 nos.
1422 4032 1514 4104 Tunc

489 4136 674 4212 christianus
704 4139 859 4210 exercitus
890 4137 1057 4230 intellexit,
1095 4136 1187 4236 quod
1217 4139 1393 4224 Dominus
1410 4139 1514 4212 noster
