3462 5110
433 343 481 417 92
872 337 999 420 erem

363 594 421 642 1219
434 584 527 627 mum
547 557 619 628 sunt
641 557 747 627 mirati
758 559 793 627 δι
809 555 927 628 valde¹
949 559 1116 653 perterriti.
1147 558 1339 650 Credentes,
1369 561 1403 631 in
1420 587 1461 632 eo
1475 580 1531 631 nt.
1545 595 1588 631 ιιι
1602 582 1635 628 u.
1667 582 1669 587 ·

434 689 551 737 arcana
581 664 644 734 Dei
664 663 923 735 Christianorum
951 663 1033 756 fore,
1061 691 1100 736 ex
1121 665 1203 736 illius
1221 668 1339 738 timore
1355 668 1463 740 verius

434 771 633 843 Christianos
660 771 926 867 appropinquare
944 768 1009 841 aust
1026 797 1096 843 non
1110 772 1249 864 fuerunt,
1277 772 1334 845 sed
1355 801 1463 845 amare

435 879 535 973 usque
560 876 603 948 ad
620 877 736 947 horam
755 903 844 947 none
866 878 1025 948 steterunt.
1049 879 1223 950 Christiani
1239 908 1318 953 vero
1336 881 1402 952 hoc
1418 884 1465 954 vi·

435 985 560 1074 dentes,
587 985 711 1082 ingenti
728 985 851 1081 gaudio
876 985 1027 1056 &letitia
1053 988 1126 1057 sunt
1149 987 1304 1084 repleti32
1324 986 1465 1058 libentis·

436 1095 512 1167 sime
531 1096 636 1168 versus
650 1096 801 1165 inimicos
816 1095 952 1186 iviffent,
972 1094 1039 1188 nist,
1054 1099 1141 1194 ‘quia
1157 1100 1334 1194 temptoria
1351 1125 1466 1172 eorum

436 1227 571 1305 propter
590 1204 841 1273 Sarracenorum
867 1227 1005 1292 metum,
1036 1207 1094 1300 qui
1117 1206 1153 1275 in
1174 1207 1303 1278 civitate
1320 1205 1466 1297 aderant,

437 1339 457 1384 a
478 1311 584 1381 castris
610 1308 815 1380 recedere&
839 1310 1048 1405 relinquere³
1070 1337 1138 1383 non
1160 1311 1336 1403 audebant,
1363 1318 1397 1385 ἃ
1423 1315 1467 1383 ita

438 1443 575 1513 utraque
591 1443 664 1513 pars
682 1415 725 1487 ad
741 1418 797 1487 sua
813 1411 914 1488 castr'a
927 1417 1031 1489 rediit.

487 1525 614 1596 XXVu.
637 1525 718 1621 QO
740 1523 840 1616 facie,
865 1525 1039 1596 Christiani
1057 1525 1163 1596 statim
1180 1551 1290 1624 gattos
1307 1531 1343 1598 ἃ
1360 1525 1467 1598 trabu-

438 1633 517 1704 thos
527 1635 568 1702 ’ἃ
588 1632 770 1726 petrarias4
787 1635 822 1702 &
843 1632 942 1702 castra
959 1632 1125 1729 lignorum
1144 1637 1178 1722 ὅς
1199 1634 1261 1705 aiia
1283 1637 1468 1705 innumera·

438 1738 515 1811 bilia
527 1736 793 1808 machinamenta
805 1750 817 1798 ⁵
830 1736 898 1808 fieti
915 1738 1060 1808 fecerunt
1072 1763 1133 1834 pro
1151 1741 1280 1812 civitate
1296 1739 1466 1838 capienda.

441 1853 520 1919 item
530 1849 544 1893 ⁶
556 1846 730 1918 Christiani
742 1873 899 1943 ceperunt
911 1845 1073 1918 suffodere
1086 1872 1216 1940 tertam,
1232 1874 1395 1945 putanteS,
1413 1848 1469 1919 tali

440 1952 545 2025 modo
564 1952 708 2023 incidere
725 1979 824 2024 turres
843 1955 1027 2025 civitatis&
1044 1980 1161 2051 capere
1179 1980 1306 2047 terram,
1327 1955 1382 2027 sed
1396 1957 1471 2051 quia

442 2057 595 2130 fossatum
612 2059 748 2129 civitatis
774 2084 841 2129 etat
858 2059 994 2154 plenum
1011 2086 1107 2156 aqua,
1135 2062 1169 2131 in
1187 2086 1314 2134 rantum
1330 2061 1470 2132 destilla-

440 2166 507 2257 bat,
535 2164 627 2260 quod
653 2166 792 2236 sumersa
821 2167 865 2236 est
890 2167 969 2238 fova
991 2167 1260 2261 Christianorum,
1283 2173 1317 2240 ὅ(
1341 2167 1470 2245 ιεάιόὶε

442 2271 572 2345 suntad
590 2272 727 2342 nihilum
745 2274 894 2368 expense,
913 2298 977 2369 que
994 2275 1079 2345 fatie
1092 2301 1185 2347 erant
1197 2274 1253 2368 ibi,
1265 2279 1301 2347 ἃ
1313 2275 1471 2364 videntes,

443 2378 535 2476 quod
551 2379 630 2449 nihii
645 2377 834 2474 prodessem
855 2382 898 2450 eis
916 2407 997 2451 cava
1013 2381 1077 2471 illa,
1101 2383 1346 2454 construxerunt
1362 2406 1471 2480 gattos

445 2514 504 2584 pro
525 2488 613 2558 ditia
629 2489 758 2558 civitate
775 2486 945 2584 capienda.
968 2489 1062 2558 Tunc
1086 2491 1175 2574 venit
1191 2489 1348 2586 caliphus,
1361 2490 1373 2535 ⁸
1385 2515 1473 2585 papa

443 2601 705 2684 Sarracenorum,
725 2620 801 2664 curn
825 2617 915 2664 tanta
932 2593 1149 2684 multitudine,
1177 2595 1270 2692 quod
1288 2622 1357 2666 non
1375 2596 1474 2666 habe·

444 2704 524 2776 bant
543 2729 725 2790 numerum,
751 2705 786 2772 &
803 2702 879 2772 fecit
895 2728 1051 2799 magnam
1070 2700 1310 2800 indulgentiam
1326 2702 1398 2794 iliis,
1418 2703 1474 2798 qui

445 2839 520 2884 cum
539 2838 579 2884 eo
598 2833 753 2883 venerant
770 2808 812 2879 ad
828 2811 1004 2880 exercitum
1021 2834 1148 2880 eorum.

333 2938 433 2995 Iun.23·
495 2919 636 2992 XXVtu.
660 2923 693 2988 in
714 2917 824 3015 vigilia
850 2919 957 2988 saneti
982 2917 1132 2987 iohannis
1155 2917 1292 3013 Baptiste
1314 2916 1387 3012 post
1407 2917 1474 2988 ves-

447 3053 539 3124 peras
561 3049 719 3097 venerunt
745 3025 811 3096 fere
832 3053 854 3097 v
880 3025 981 3094 millia
1009 3026 1176 3095 Sarraceni
1206 3026 1292 3094 circa
1322 3020 1476 3094 foffatum

446 3134 716 3224 Christianorum,
739 3130 826 3202 unde
844 3130 997 3203 dominus
1016 3136 1151 3202 loannes
1169 3130 1211 3202 de
1227 3130 1306 3201 nus
1325 3156 1401 3200 cum
1414 3131 1476 3200 suis

447 3242 602 3313 militibus
624 3242 775 3338 percuffit
795 3241 880 3312 inter
905 3238 977 3309 iilos
1000 3241 1034 3308 ἃ
1051 3264 1090 3309 ex
1109 3240 1156 3309 eis
1177 3239 1337 3308 interfecit
1356 3236 1476 3308 multos

448 3354 482 3421 ἃ
496 3349 591 3421 rediit
607 3376 683 3438 cum
700 3347 844 3420 victoria.
1205 3345 1207 3348 ’

336 3479 386 3524 lun.
398 3489 435 3534 24·
496 3457 611 3528 XXlX.
627 3462 660 3526 in
674 3456 753 3526 festo
769 3453 904 3550 quidem
916 3455 1004 3525 Beati
1017 3453 1168 3523 Iohannis
1180 3451 1316 3547 Baptiste
1331 3451 1477 3546 precepit

450 3565 602 3636 dominus
622 3564 758 3661 legatus,
780 3587 815 3633 ut
832 3587 947 3632 omnes
964 3561 1180 3658 penitentiam
1197 3571 1356 3656 agerent9
1375 3559 1410 3627 ἃ
1423 3558 1475 3627 rri-
1488 3585 1550 3632 Mur.
1563 3603 1587 3648 p.
1602 3599 1667 3647 1094.

450 3670 595 3742 duanum
604 3671 749 3742 facerent
760 3668 1156 3741 ieiunium&discalciatis
1167 3664 1303 3763 pedibus
1312 3664 1355 3736 ad
1366 3691 1476 3737 veram

488 3913 499 3944 1
516 3895 554 3945 M,
564 3895 624 3944 add.
641 3893 703 3943 sunt.
721 3866 756 3930 s-
773 3911 787 3943 2
803 3894 828 3944 P.
841 3892 925 3960 gavisi.
940 3923 975 3932 -
990 3911 1003 3956 3
1017 3894 1042 3944 P.
1056 3911 1099 3944 om.
1113 3893 1136 3942 δι
1148 3891 1233 3960 relinq.
1249 3921 1282 3929 -
1297 3909 1313 3952 4
1326 3889 1475 3942 P.redarias.

451 4005 484 4014 -
500 3993 512 4042 ς
530 3976 570 4026 M.
587 3974 708 4024 machina.
731 4003 762 4012 -
786 3979 800 4024 6
823 3975 848 4024 P.
862 3984 934 4025 totum
948 3974 1011 4024 hunc
1028 3972 1122 4040 paffitm
1144 3974 1177 4024 ab
1191 3973 1256 4022 Item
1278 3969 1351 4038 usque
1365 3972 1394 4022 In
1415 3969 1477 4020 festo

451 4055 552 4126 quidem
571 4056 601 4106 B.
616 4053 669 4105 Ioh.
685 4055 760 4121 Bapt.
774 4072 818 4105 om.
839 4083 870 4090 -
887 4071 900 4114 7
914 4055 951 4104 M.
967 4053 1092 4122 proderet.
1109 4085 1143 4094 -
1157 4059 1170 4104 8
1185 4054 1222 4110 Μ.
1237 4050 1347 4126 Callpus.
1360 4081 1394 4088 -
1411 4067 1425 4118 9
1439 4051 1477 4105 M.

451 4135 532 4192 omnis
545 4133 666 4190 exercitus
679 4134 801 4209 acciperet
813 4133 1001 4208 poenitentiam.
