<?xml version="1.0" encoding="UTF-8"?>
<!DOCTYPE html PUBLIC "-//W3C//DTD XHTML 1.0 Transitional//EN"
    "http://www.w3.org/TR/xhtml1/DTD/xhtml1-transitional.dtd">
<html xmlns="http://www.w3.org/1999/xhtml" xml:lang="en" lang="en">
 <head>
  <title>
</title>
<meta http-equiv="Content-Type" content="text/html;charset=utf-8" />
  <meta name='ocr-system' content='tesseract 3.04.00' />
  <meta name='ocr-capabilities' content='ocr_page ocr_carea ocr_par ocr_line ocrx_word'/>
</head>
<body>
  <div class='ocr_page' id='page_1' title='image "./quintibellisacr01rhgoog_0168.png"; bbox 0 0 3462 5110; ppageno 0'>
   <div class='ocr_carea' id='block_1_1' title="bbox 535 401 1258 461">
    <p class='ocr_par' dir='ltr' id='par_1_1' title="bbox 535 401 1258 461">
     <span class='ocr_line' id='line_1_1' title="bbox 535 401 1258 461; baseline 0.01 -7"><span class='ocrx_word' id='word_1_1' title='bbox 535 401 741 456; x_wconf 86' lang='lat' dir='ltr'>OBSIDIONIS</span> <span class='ocrx_word' id='word_1_2' title='bbox 759 403 958 456; x_wconf 85' lang='lat' dir='ltr'><strong>DAMIATE.</strong></span> <span class='ocrx_word' id='word_1_3' title='bbox 1197 411 1233 461; x_wconf 92' lang='lat'>11</span> <span class='ocrx_word' id='word_1_4' title='bbox 1246 411 1258 461; x_wconf 95' lang='lat'>1</span> 
     </span>
    </p>
   </div>
   <div class='ocr_carea' id='block_1_2' title="bbox 227 625 1339 2549">
    <p class='ocr_par' dir='ltr' id='par_1_2' title="bbox 227 625 1339 2439">
     <span class='ocr_line' id='line_1_2' title="bbox 229 625 1339 724; baseline 0.002 -26"><span class='ocrx_word' id='word_1_5' title='bbox 229 626 337 716; x_wconf 83' lang='lat' dir='ltr'>miles,</span> <span class='ocrx_word' id='word_1_6' title='bbox 367 651 471 722; x_wconf 89' lang='lat' dir='ltr'>equos</span> <span class='ocrx_word' id='word_1_7' title='bbox 500 630 534 699; x_wconf 93' lang='lat'>&amp;</span> <span class='ocrx_word' id='word_1_8' title='bbox 563 654 654 699; x_wconf 88' lang='lat' dir='ltr'>arma</span> <span class='ocrx_word' id='word_1_9' title='bbox 669 626 835 724; x_wconf 84' lang='lat' dir='ltr'>perderet,</span> <span class='ocrx_word' id='word_1_10' title='bbox 859 626 902 700; x_wconf 89' lang='lat' dir='ltr'>de</span> <span class='ocrx_word' id='word_1_11' title='bbox 930 627 1069 700; x_wconf 83' lang='lat' dir='ltr'>exercitu</span> <span class='ocrx_word' id='word_1_12' title='bbox 1100 625 1263 724; x_wconf 85' lang='lat' dir='ltr'>expulsus,</span> <span class='ocrx_word' id='word_1_13' title='bbox 1280 651 1339 700; x_wconf 79' lang='lat'>¹219</span> 
     </span>
     <span class='ocr_line' id='line_1_3' title="bbox 229 731 1264 833; baseline -0.002 -27"><span class='ocrx_word' id='word_1_14' title='bbox 229 733 355 833; x_wconf 87' lang='lat' dir='ltr'>pedites</span> <span class='ocrx_word' id='word_1_15' title='bbox 377 761 514 807; x_wconf 89' lang='lat' dir='ltr'>manum</span> <span class='ocrx_word' id='word_1_16' title='bbox 529 738 564 806; x_wconf 79' lang='grc' dir='ltr'>δι</span> <span class='ocrx_word' id='word_1_17' title='bbox 582 736 705 826; x_wconf 84' lang='lat' dir='ltr'>omnia,</span> <span class='ocrx_word' id='word_1_18' title='bbox 723 760 787 831; x_wconf 93' lang='lat' dir='ltr'>que</span> <span class='ocrx_word' id='word_1_19' title='bbox 803 731 850 804; x_wconf 93' lang='lat' dir='ltr'>ibi</span> <span class='ocrx_word' id='word_1_20' title='bbox 866 731 1059 827; x_wconf 72' lang='lat' dir='ltr'>habuissent,</span> <span class='ocrx_word' id='word_1_21' title='bbox 1075 733 1264 833; x_wconf 81' lang='lat' dir='ltr'>perderent3</span> 
     </span>
     <span class='ocr_line' id='line_1_4' title="bbox 229 839 1265 932; baseline 0.001 -22"><span class='ocrx_word' id='word_1_22' title='bbox 229 839 427 914; x_wconf 80' lang='lat' dir='ltr'>fimercator</span> <span class='ocrx_word' id='word_1_23' title='bbox 445 843 498 916; x_wconf 90' lang='lat' dir='ltr'>vel</span> <span class='ocrx_word' id='word_1_24' title='bbox 511 845 634 915; x_wconf 88' lang='lat' dir='ltr'>femina</span> <span class='ocrx_word' id='word_1_25' title='bbox 651 869 727 914; x_wconf 92' lang='lat' dir='ltr'>cum</span> <span class='ocrx_word' id='word_1_26' title='bbox 741 845 891 913; x_wconf 86' lang='lat' dir='ltr'>mercatis</span> <span class='ocrx_word' id='word_1_27' title='bbox 908 867 1054 914; x_wconf 87' lang='lat' dir='ltr'>maneret</span> <span class='ocrx_word' id='word_1_28' title='bbox 1070 845 1104 912; x_wconf 93' lang='lat' dir='ltr'>in</span> <span class='ocrx_word' id='word_1_29' title='bbox 1114 843 1265 932; x_wconf 83' lang='lat' dir='ltr'>exercitu,</span> 
     </span>
     <span class='ocr_line' id='line_1_5' title="bbox 229 947 1267 1048; baseline 0.002 -30"><span class='ocrx_word' id='word_1_30' title='bbox 229 974 366 1020; x_wconf 91' lang='lat' dir='ltr'>manum</span> <span class='ocrx_word' id='word_1_31' title='bbox 389 955 424 1022; x_wconf 75' lang='grc' dir='ltr'>ἃ</span> <span class='ocrx_word' id='word_1_32' title='bbox 441 953 555 1022; x_wconf 87' lang='lat' dir='ltr'>omnia</span> <span class='ocrx_word' id='word_1_33' title='bbox 571 952 626 1022; x_wconf 85' lang='lat' dir='ltr'>sua</span> <span class='ocrx_word' id='word_1_34' title='bbox 643 949 807 1048; x_wconf 83' lang='lat' dir='ltr'>perderet3</span> <span class='ocrx_word' id='word_1_35' title='bbox 832 947 854 1020; x_wconf 84' lang='lat' dir='ltr'>fi</span> <span class='ocrx_word' id='word_1_36' title='bbox 871 949 975 1020; x_wconf 92' lang='lat' dir='ltr'>homo</span> <span class='ocrx_word' id='word_1_37' title='bbox 993 949 1046 1021; x_wconf 89' lang='lat' dir='ltr'>vel</span> <span class='ocrx_word' id='word_1_38' title='bbox 1063 950 1186 1020; x_wconf 89' lang='lat' dir='ltr'>femina</span> <span class='ocrx_word' id='word_1_39' title='bbox 1201 947 1267 1020; x_wconf 85' lang='lat' dir='ltr'>fine</span> 
     </span>
     <span class='ocr_line' id='line_1_6' title="bbox 230 1055 1266 1154; baseline 0 -28"><span class='ocrx_word' id='word_1_40' title='bbox 230 1057 327 1126; x_wconf 90' lang='lat' dir='ltr'>armis</span> <span class='ocrx_word' id='word_1_41' title='bbox 346 1058 440 1128; x_wconf 82' lang='lat' dir='ltr'>firerit</span> <span class='ocrx_word' id='word_1_42' title='bbox 457 1059 620 1148; x_wconf 87' lang='lat' dir='ltr'>inventus,</span> <span class='ocrx_word' id='word_1_43' title='bbox 636 1055 658 1128; x_wconf 87' lang='lat' dir='ltr'>sr</span> <span class='ocrx_word' id='word_1_44' title='bbox 677 1083 745 1128; x_wconf 92' lang='lat' dir='ltr'>non</span> <span class='ocrx_word' id='word_1_45' title='bbox 760 1057 857 1128; x_wconf 91' lang='lat' dir='ltr'>fuerit</span> <span class='ocrx_word' id='word_1_46' title='bbox 874 1059 1020 1129; x_wconf 87' lang='lat' dir='ltr'>infirmus</span> <span class='ocrx_word' id='word_1_47' title='bbox 1036 1057 1089 1130; x_wconf 90' lang='lat' dir='ltr'>vel</span> <span class='ocrx_word' id='word_1_48' title='bbox 1103 1055 1266 1154; x_wconf 88' lang='lat' dir='ltr'>parvulus,</span> 
     </span>
     <span class='ocr_line' id='line_1_7' title="bbox 230 1161 1268 1264; baseline -0.002 -29"><span class='ocrx_word' id='word_1_49' title='bbox 230 1165 451 1259; x_wconf 88' lang='lat' dir='ltr'>quicustodiat</span> <span class='ocrx_word' id='word_1_50' title='bbox 459 1166 960 1264; x_wconf 87' lang='lat' dir='ltr'>papiliones,excommunicatus</span> <span class='ocrx_word' id='word_1_51' title='bbox 973 1163 1018 1236; x_wconf 85' lang='lat' dir='ltr'>fit.</span> <span class='ocrx_word' id='word_1_52' title='bbox 1026 1161 1268 1262; x_wconf 80' lang='lat' dir='ltr'>Qridebebant</span> 
     </span>
     <span class='ocr_line' id='line_1_8' title="bbox 230 1271 1266 1369; baseline -0.002 -27"><span class='ocrx_word' id='word_1_53' title='bbox 230 1273 341 1361; x_wconf 73' lang='lat' dir='ltr'>scalen,</span> <span class='ocrx_word' id='word_1_54' title='bbox 359 1272 480 1343; x_wconf 91' lang='lat' dir='ltr'>cochas</span> <span class='ocrx_word' id='word_1_55' title='bbox 502 1276 536 1344; x_wconf 76' lang='grc' dir='ltr'>ἃ</span> <span class='ocrx_word' id='word_1_56' title='bbox 558 1299 657 1344; x_wconf 89' lang='lat' dir='ltr'>naves</span> <span class='ocrx_word' id='word_1_57' title='bbox 675 1271 846 1344; x_wconf 90' lang='lat' dir='ltr'>ascendere</span> <span class='ocrx_word' id='word_1_58' title='bbox 871 1272 913 1343; x_wconf 93' lang='lat' dir='ltr'>ad</span> <span class='ocrx_word' id='word_1_59' title='bbox 935 1272 1133 1369; x_wconf 87' lang='lat' dir='ltr'>capiendam</span> <span class='ocrx_word' id='word_1_60' title='bbox 1156 1272 1266 1344; x_wconf 89' lang='lat' dir='ltr'>civita·</span> 
     </span>
     <span class='ocr_line' id='line_1_9' title="bbox 232 1377 1266 1476; baseline 0.001 -28"><span class='ocrx_word' id='word_1_61' title='bbox 232 1403 309 1470; x_wconf 87' lang='lat' dir='ltr'>tem,</span> <span class='ocrx_word' id='word_1_62' title='bbox 328 1382 362 1450; x_wconf 76' lang='grc' dir='ltr'>ἃ</span> <span class='ocrx_word' id='word_1_63' title='bbox 375 1377 397 1450; x_wconf 84' lang='lat' dir='ltr'>fi</span> <span class='ocrx_word' id='word_1_64' title='bbox 412 1379 563 1472; x_wconf 82' lang='lat' dir='ltr'>redirent,</span> <span class='ocrx_word' id='word_1_65' title='bbox 582 1407 719 1451; x_wconf 91' lang='lat' dir='ltr'>manum</span> <span class='ocrx_word' id='word_1_66' title='bbox 731 1383 765 1450; x_wconf 71' lang='grc' dir='ltr'>ὃ(</span> <span class='ocrx_word' id='word_1_67' title='bbox 779 1382 892 1452; x_wconf 90' lang='lat' dir='ltr'>omnia</span> <span class='ocrx_word' id='word_1_68' title='bbox 905 1380 960 1450; x_wconf 82' lang='lat' dir='ltr'>i&#39;ua</span> <span class='ocrx_word' id='word_1_69' title='bbox 975 1379 1156 1476; x_wconf 91' lang='lat' dir='ltr'>perderent.</span> <span class='ocrx_word' id='word_1_70' title='bbox 1177 1383 1266 1468; x_wconf 83' lang='lat' dir='ltr'>Item,</span> 
     </span>
     <span class='ocr_line' id='line_1_10' title="bbox 229 1487 1266 1586; baseline 0.001 -30"><span class='ocrx_word' id='word_1_71' title='bbox 229 1488 286 1581; x_wconf 92' lang='lat' dir='ltr'>qui</span> <span class='ocrx_word' id='word_1_72' title='bbox 308 1487 421 1557; x_wconf 88' lang='lat' dir='ltr'>introit</span> <span class='ocrx_word' id='word_1_73' title='bbox 443 1487 609 1559; x_wconf 84' lang='lat' dir='ltr'>civitatem</span> <span class='ocrx_word' id='word_1_74' title='bbox 633 1489 667 1558; x_wconf 93' lang='lat'>&amp;</span> <span class='ocrx_word' id='word_1_75' title='bbox 692 1488 818 1559; x_wconf 87' lang='lat' dir='ltr'>invenit</span> <span class='ocrx_word' id='word_1_76' title='bbox 839 1514 955 1557; x_wconf 87' lang='lat' dir='ltr'>aurum</span> <span class='ocrx_word' id='word_1_77' title='bbox 973 1490 1201 1586; x_wconf 87' lang='lat' dir='ltr'>&amp;argentum</span> <span class='ocrx_word' id='word_1_78' title='bbox 1231 1488 1266 1557; x_wconf 90' lang='lat'>&amp;</span> 
     </span>
     <span class='ocr_line' id='line_1_11' title="bbox 230 1591 1265 1690; baseline 0 -26"><span class='ocrx_word' id='word_1_79' title='bbox 230 1595 342 1664; x_wconf 89' lang='lat' dir='ltr'>omnia</span> <span class='ocrx_word' id='word_1_80' title='bbox 363 1593 436 1685; x_wconf 80' lang='lat' dir='ltr'>alia,</span> <span class='ocrx_word' id='word_1_81' title='bbox 463 1621 527 1690; x_wconf 89' lang='lat' dir='ltr'>que</span> <span class='ocrx_word' id='word_1_82' title='bbox 545 1595 717 1683; x_wconf 89' lang='lat' dir='ltr'>invenerit,</span> <span class='ocrx_word' id='word_1_83' title='bbox 746 1594 868 1666; x_wconf 89' lang='lat' dir='ltr'>adunet</span> <span class='ocrx_word' id='word_1_84' title='bbox 888 1597 923 1664; x_wconf 94' lang='lat' dir='ltr'>in</span> <span class='ocrx_word' id='word_1_85' title='bbox 940 1592 1040 1665; x_wconf 87' lang='lat' dir='ltr'>tribus</span> <span class='ocrx_word' id='word_1_86' title='bbox 1057 1594 1111 1666; x_wconf 90' lang='lat' dir='ltr'>vel</span> <span class='ocrx_word' id='word_1_87' title='bbox 1131 1595 1184 1666; x_wconf 82' lang='lat' dir='ltr'>sex</span> <span class='ocrx_word' id='word_1_88' title='bbox 1205 1591 1265 1664; x_wconf 93' lang='lat' dir='ltr'>do·</span> 
     </span>
     <span class='ocr_line' id='line_1_12' title="bbox 231 1698 1263 1798; baseline 0.003 -27"><span class='ocrx_word' id='word_1_89' title='bbox 231 1698 336 1772; x_wconf 87' lang='lat' dir='ltr'>mibus</span> <span class='ocrx_word' id='word_1_90' title='bbox 355 1704 390 1772; x_wconf 90' lang='lat'>&amp;</span> <span class='ocrx_word' id='word_1_91' title='bbox 407 1699 542 1798; x_wconf 83' lang='lat' dir='ltr'>afflgnet</span> <span class='ocrx_word' id='word_1_92' title='bbox 560 1728 598 1772; x_wconf 93' lang='lat' dir='ltr'>ea</span> <span class='ocrx_word' id='word_1_93' title='bbox 617 1699 770 1793; x_wconf 85' lang='lat' dir='ltr'>stabilitis,</span> <span class='ocrx_word' id='word_1_94' title='bbox 789 1700 862 1772; x_wconf 82' lang='lat' dir='ltr'>&amp;si</span> <span class='ocrx_word' id='word_1_95' title='bbox 883 1703 955 1797; x_wconf 84' lang='lat' dir='ltr'>quis</span> <span class='ocrx_word' id='word_1_96' title='bbox 972 1700 1041 1773; x_wconf 93' lang='lat' dir='ltr'>vult</span> <span class='ocrx_word' id='word_1_97' title='bbox 1058 1699 1227 1792; x_wconf 89' lang='lat' dir='ltr'>derobare,</span> <span class='ocrx_word' id='word_1_98' title='bbox 1253 1717 1263 1752; x_wconf 94' lang='lat'><em>¹</em></span> 
     </span>
     <span class='ocr_line' id='line_1_13' title="bbox 229 1807 1265 1908; baseline 0.004 -29"><span class='ocrx_word' id='word_1_99' title='bbox 229 1807 346 1906; x_wconf 92' lang='lat' dir='ltr'>perdat</span> <span class='ocrx_word' id='word_1_100' title='bbox 360 1833 497 1877; x_wconf 89' lang='lat' dir='ltr'>manum</span> <span class='ocrx_word' id='word_1_101' title='bbox 515 1810 549 1878; x_wconf 76' lang='grc' dir='ltr'>ἃ</span> <span class='ocrx_word' id='word_1_102' title='bbox 566 1809 657 1879; x_wconf 87' lang='lat' dir='ltr'>suam</span> <span class='ocrx_word' id='word_1_103' title='bbox 672 1833 809 1906; x_wconf 89' lang='lat' dir='ltr'>partem.</span> <span class='ocrx_word' id='word_1_104' title='bbox 832 1813 921 1899; x_wconf 91' lang='lat' dir='ltr'>ltem,</span> <span class='ocrx_word' id='word_1_105' title='bbox 941 1807 1058 1904; x_wconf 86' lang='lat' dir='ltr'>quibus</span> <span class='ocrx_word' id='word_1_106' title='bbox 1070 1833 1265 1908; x_wconf 87' lang='lat' dir='ltr'>preceptum</span> 
     </span>
     <span class='ocr_line' id='line_1_14' title="bbox 229 1912 1264 2012; baseline 0.004 -26"><span class='ocrx_word' id='word_1_107' title='bbox 229 1915 325 1986; x_wconf 88' lang='lat' dir='ltr'>fuerit</span> <span class='ocrx_word' id='word_1_108' title='bbox 341 1915 455 2006; x_wconf 85' lang='lat' dir='ltr'>iurare,</span> <span class='ocrx_word' id='word_1_109' title='bbox 484 1912 637 1986; x_wconf 90' lang='lat' dir='ltr'>iurabunt</span> <span class='ocrx_word' id='word_1_110' title='bbox 659 1917 772 2012; x_wconf 90' lang='lat' dir='ltr'>punire</span> <span class='ocrx_word' id='word_1_111' title='bbox 794 1915 879 2005; x_wconf 86' lang='lat' dir='ltr'>illos,</span> <span class='ocrx_word' id='word_1_112' title='bbox 911 1917 968 2010; x_wconf 92' lang='lat' dir='ltr'>qui</span> <span class='ocrx_word' id='word_1_113' title='bbox 985 1912 1132 2012; x_wconf 76' lang='lat' dir='ltr'>predicia</span> <span class='ocrx_word' id='word_1_114' title='bbox 1149 1917 1264 1990; x_wconf 87' lang='lat' dir='ltr'>statuta</span> 
     </span>
     <span class='ocr_line' id='line_1_15' title="bbox 229 2020 1264 2120; baseline 0.006 -30"><span class='ocrx_word' id='word_1_115' title='bbox 229 2046 298 2091; x_wconf 93' lang='lat' dir='ltr'>non</span> <span class='ocrx_word' id='word_1_116' title='bbox 321 2020 550 2095; x_wconf 89' lang='lat' dir='ltr'>observabunt.</span> <span class='ocrx_word' id='word_1_117' title='bbox 581 2022 617 2094; x_wconf 82' lang='lat' dir='ltr'>Et</span> <span class='ocrx_word' id='word_1_118' title='bbox 637 2024 835 2094; x_wconf 88' lang='lat' dir='ltr'>annunciata</span> <span class='ocrx_word' id='word_1_119' title='bbox 860 2023 933 2094; x_wconf 89' lang='lat' dir='ltr'>sunt</span> <span class='ocrx_word' id='word_1_120' title='bbox 960 2024 1053 2094; x_wconf 93' lang='lat' dir='ltr'>omni</span> <span class='ocrx_word' id='word_1_121' title='bbox 1074 2024 1264 2120; x_wconf 56' lang='lat' dir='ltr'>populo&amp;</span> 
     </span>
     <span class='ocr_line' id='line_1_16' title="bbox 229 2130 1263 2224; baseline 0.003 -28"><span class='ocrx_word' id='word_1_122' title='bbox 229 2134 259 2196; x_wconf 84' lang='lat' dir='ltr'>in</span> <span class='ocrx_word' id='word_1_123' title='bbox 278 2135 396 2199; x_wconf 83' lang='lat' dir='ltr'>nomine</span> <span class='ocrx_word' id='word_1_124' title='bbox 409 2135 541 2200; x_wconf 78' lang='lat' dir='ltr'>Domini</span> <span class='ocrx_word' id='word_1_125' title='bbox 557 2130 588 2200; x_wconf 64' lang='lat' dir='ltr'>dr</span> <span class='ocrx_word' id='word_1_126' title='bbox 610 2133 691 2200; x_wconf 81' lang='lat' dir='ltr'>deute</span> <span class='ocrx_word' id='word_1_127' title='bbox 709 2133 828 2201; x_wconf 66' lang='lat' dir='ltr'>Maria</span> <span class='ocrx_word' id='word_1_128' title='bbox 849 2136 984 2224; x_wconf 82' lang='lat' dir='ltr'>virginis</span> <span class='ocrx_word' id='word_1_129' title='bbox 996 2135 1153 2223; x_wconf 83' lang='lat' dir='ltr'>faciemus</span> <span class='ocrx_word' id='word_1_130' title='bbox 1171 2131 1263 2224; x_wconf 82' lang='lat' dir='ltr'>insui-</span> 
     </span>
     <span class='ocr_line' id='line_1_17' title="bbox 227 2234 1265 2333; baseline 0 -27"><span class='ocrx_word' id='word_1_131' title='bbox 227 2261 288 2306; x_wconf 82' lang='lat' dir='ltr'>rum</span> <span class='ocrx_word' id='word_1_132' title='bbox 310 2243 431 2307; x_wconf 83' lang='lat' dir='ltr'>civitati</span> <span class='ocrx_word' id='word_1_133' title='bbox 448 2238 479 2306; x_wconf 66' lang='grc' dir='ltr'><em>θ</em></span> <span class='ocrx_word' id='word_1_134' title='bbox 499 2243 568 2308; x_wconf 78' lang='lat' dir='ltr'>Deo</span> <span class='ocrx_word' id='word_1_135' title='bbox 587 2241 745 2308; x_wconf 81' lang='lat' dir='ltr'>adiuvante</span> <span class='ocrx_word' id='word_1_136' title='bbox 765 2244 917 2333; x_wconf 84' lang='lat' dir='ltr'>cupiemus</span> <span class='ocrx_word' id='word_1_137' title='bbox 939 2264 1015 2307; x_wconf 83' lang='lat' dir='ltr'>eam.</span> <span class='ocrx_word' id='word_1_138' title='bbox 1040 2235 1075 2306; x_wconf 81' lang='lat' dir='ltr'>Et</span> <span class='ocrx_word' id='word_1_139' title='bbox 1095 2234 1265 2332; x_wconf 89' lang='lat' dir='ltr'>respondit</span> 
     </span>
     <span class='ocr_line' id='line_1_18' title="bbox 230 2343 705 2439; baseline 0.006 -28"><span class='ocrx_word' id='word_1_140' title='bbox 230 2343 338 2412; x_wconf 90' lang='lat' dir='ltr'>omnis</span> <span class='ocrx_word' id='word_1_141' title='bbox 356 2343 516 2439; x_wconf 88' lang='lat' dir='ltr'>populus:</span> <span class='ocrx_word' id='word_1_142' title='bbox 534 2349 613 2432; x_wconf 79' lang='lat' dir='ltr'>Fiat,</span> <span class='ocrx_word' id='word_1_143' title='bbox 624 2349 705 2436; x_wconf 78' lang='lat' dir='ltr'>fiori</span> 
     </span>
    </p>

    <p class='ocr_par' dir='ltr' id='par_1_3' title="bbox 275 2449 1263 2549">
     <span class='ocr_line' id='line_1_19' title="bbox 275 2449 1263 2549; baseline 0 -31"><span class='ocrx_word' id='word_1_144' title='bbox 275 2449 366 2521; x_wconf 64' lang='lat' dir='ltr'><em>qu</em></span> <span class='ocrx_word' id='word_1_145' title='bbox 393 2449 457 2521; x_wconf 87' lang='lat' dir='ltr'>Sed</span> <span class='ocrx_word' id='word_1_146' title='bbox 474 2451 638 2524; x_wconf 87' lang='lat' dir='ltr'>Dominus</span> <span class='ocrx_word' id='word_1_147' title='bbox 656 2452 787 2522; x_wconf 82' lang='lat' dir='ltr'>noluit2</span> <span class='ocrx_word' id='word_1_148' title='bbox 806 2453 989 2549; x_wconf 77' lang='lat' dir='ltr'>exspet‘iare</span> <span class='ocrx_word' id='word_1_149' title='bbox 1007 2449 1137 2522; x_wconf 89' lang='lat' dir='ltr'>decreta</span> <span class='ocrx_word' id='word_1_150' title='bbox 1154 2449 1263 2520; x_wconf 88' lang='lat' dir='ltr'>horni-</span> 
     </span>
    </p>
   </div>
   <div class='ocr_carea' id='block_1_3' title="bbox 228 2555 1424 2868">
    <p class='ocr_par' dir='ltr' id='par_1_4' title="bbox 228 2555 1424 2868">
     <span class='ocr_line' id='line_1_20' title="bbox 228 2555 1424 2655; baseline 0.003 -29"><span class='ocrx_word' id='word_1_151' title='bbox 228 2581 320 2646; x_wconf 91' lang='lat' dir='ltr'>nurn,</span> <span class='ocrx_word' id='word_1_152' title='bbox 339 2584 452 2630; x_wconf 86' lang='lat' dir='ltr'>namv</span> <span class='ocrx_word' id='word_1_153' title='bbox 467 2556 520 2629; x_wconf 91' lang='lat' dir='ltr'>die</span> <span class='ocrx_word' id='word_1_154' title='bbox 536 2560 677 2629; x_wconf 89' lang='lat' dir='ltr'>intrante</span> <span class='ocrx_word' id='word_1_155' title='bbox 693 2555 889 2631; x_wconf 86' lang='lat' dir='ltr'>Novembris</span> <span class='ocrx_word' id='word_1_156' title='bbox 903 2557 956 2630; x_wconf 91' lang='lat' dir='ltr'>die</span> <span class='ocrx_word' id='word_1_157' title='bbox 969 2559 1091 2648; x_wconf 85' lang='lat' dir='ltr'>Martis,</span> <span class='ocrx_word' id='word_1_158' title='bbox 1101 2560 1133 2627; x_wconf 93' lang='lat' dir='ltr'>in</span> <span class='ocrx_word' id='word_1_159' title='bbox 1151 2555 1264 2655; x_wconf 86' lang='lat' dir='ltr'>vigilia</span> <span class='ocrx_word' id='word_1_160' title='bbox 1276 2574 1391 2622; x_wconf 81' lang='lat' dir='ltr'>Novemb-</span> <span class='ocrx_word' id='word_1_161' title='bbox 1404 2588 1424 2636; x_wconf 80' lang='grc' dir='ltr'>ς.</span> 
     </span>
     <span class='ocr_line' id='line_1_21' title="bbox 228 2661 1261 2760; baseline 0.001 -27"><span class='ocrx_word' id='word_1_162' title='bbox 228 2663 336 2734; x_wconf 68' lang='lat' dir='ltr'>sandi</span> <span class='ocrx_word' id='word_1_163' title='bbox 352 2661 513 2735; x_wconf 87' lang='lat' dir='ltr'>Leonardi</span> <span class='ocrx_word' id='word_1_164' title='bbox 534 2666 568 2734; x_wconf 95' lang='lat' dir='ltr'>in</span> <span class='ocrx_word' id='word_1_165' title='bbox 585 2663 695 2735; x_wconf 90' lang='lat' dir='ltr'>media</span> <span class='ocrx_word' id='word_1_166' title='bbox 719 2669 828 2758; x_wconf 76' lang='lat' dir='ltr'>nodie,</span> <span class='ocrx_word' id='word_1_167' title='bbox 850 2691 915 2760; x_wconf 92' lang='lat' dir='ltr'>qua</span> <span class='ocrx_word' id='word_1_168' title='bbox 935 2665 1016 2736; x_wconf 88' lang='lat' dir='ltr'>hora</span> <span class='ocrx_word' id='word_1_169' title='bbox 1039 2664 1183 2737; x_wconf 88' lang='lat' dir='ltr'>Christus</span> <span class='ocrx_word' id='word_1_170' title='bbox 1208 2689 1261 2735; x_wconf 87' lang='lat' dir='ltr'>ex·</span> 
     </span>
     <span class='ocr_line' id='line_1_22' title="bbox 228 2769 1261 2868; baseline 0.002 -28"><span class='ocrx_word' id='word_1_171' title='bbox 228 2770 376 2868; x_wconf 87' lang='lat' dir='ltr'>spoliavit</span> <span class='ocrx_word' id='word_1_172' title='bbox 405 2770 582 2862; x_wconf 89' lang='lat' dir='ltr'>infernum,</span> <span class='ocrx_word' id='word_1_173' title='bbox 614 2771 788 2844; x_wconf 88' lang='lat' dir='ltr'>Christiani</span> <span class='ocrx_word' id='word_1_174' title='bbox 818 2797 914 2843; x_wconf 91' lang='lat' dir='ltr'>muro</span> <span class='ocrx_word' id='word_1_175' title='bbox 944 2769 1082 2845; x_wconf 77' lang='lat' dir='ltr'>ciuitatis</span> <span class='ocrx_word' id='word_1_176' title='bbox 1108 2773 1261 2843; x_wconf 87' lang='lat' dir='ltr'>Damiate</span> 
     </span>
    </p>
   </div>
   <div class='ocr_carea' id='block_1_4' title="bbox 59 2993 1420 4268">
    <p class='ocr_par' dir='ltr' id='par_1_5' title="bbox 59 2993 1420 3142">
     <span class='ocr_line' id='line_1_23' title="bbox 266 2993 1169 3066; baseline 0.006 -23"><span class='ocrx_word' id='word_1_177' title='bbox 266 3011 275 3043; x_wconf 87' lang='lat'>1</span> <span class='ocrx_word' id='word_1_178' title='bbox 291 2993 331 3046; x_wconf 88' lang='lat' dir='ltr'>Sic</span> <span class='ocrx_word' id='word_1_179' title='bbox 344 2993 446 3061; x_wconf 78' lang='lat' dir='ltr'>legimus</span> <span class='ocrx_word' id='word_1_180' title='bbox 460 3011 515 3046; x_wconf 85' lang='lat' dir='ltr'>cum</span> <span class='ocrx_word' id='word_1_181' title='bbox 527 2995 611 3061; x_wconf 82' lang='lat' dir='ltr'>Mur.;</span> <span class='ocrx_word' id='word_1_182' title='bbox 624 2995 662 3046; x_wconf 92' lang='grc' dir='ltr'>Μ.</span> <span class='ocrx_word' id='word_1_183' title='bbox 673 2995 768 3062; x_wconf 76' lang='lat' dir='ltr'>prabet</span> <span class='ocrx_word' id='word_1_184' title='bbox 780 2993 822 3062; x_wconf 85' lang='lat' dir='ltr'>iiij.</span> <span class='ocrx_word' id='word_1_185' title='bbox 836 3023 871 3034; x_wconf 90' lang='lat'>—</span> <span class='ocrx_word' id='word_1_186' title='bbox 884 3017 899 3050; x_wconf 84' lang='lat'><em>2</em></span> <span class='ocrx_word' id='word_1_187' title='bbox 914 2997 952 3048; x_wconf 89' lang='lat' dir='ltr'>M.</span> <span class='ocrx_word' id='word_1_188' title='bbox 966 2995 1055 3049; x_wconf 84' lang='lat' dir='ltr'>voluit.</span> <span class='ocrx_word' id='word_1_189' title='bbox 1166 3061 1169 3066; x_wconf 24' lang='grc' dir='ltr'>Ι</span> 
     </span>
     <span class='ocr_line' id='line_1_24' title="bbox 59 3073 1420 3142; baseline 0.001 -22"><span class='ocrx_word' id='word_1_190' title='bbox 59 3075 83 3122; x_wconf 87' lang='grc' dir='ltr'>Ρ.</span> <span class='ocrx_word' id='word_1_191' title='bbox 96 3076 112 3122; x_wconf 81' lang='lat' dir='ltr'>f.</span> <span class='ocrx_word' id='word_1_192' title='bbox 127 3079 213 3139; x_wconf 82' lang='lat' dir='ltr'>115n.</span> <span class='ocrx_word' id='word_1_193' title='bbox 262 3073 274 3094; x_wconf 81' lang='lat'><strong>*</strong></span> <span class='ocrx_word' id='word_1_194' title='bbox 284 3077 343 3126; x_wconf 90' lang='lat' dir='ltr'>LIV</span> <span class='ocrx_word' id='word_1_195' title='bbox 352 3093 379 3126; x_wconf 87' lang='lat' dir='ltr'>a.</span> <span class='ocrx_word' id='word_1_196' title='bbox 399 3073 496 3133; x_wconf 87' lang='lat' dir='ltr'>Quinto</span> <span class='ocrx_word' id='word_1_197' title='bbox 509 3074 597 3126; x_wconf 80' lang='lat' dir='ltr'>meniis</span> <span class='ocrx_word' id='word_1_198' title='bbox 610 3074 800 3126; x_wconf 77' lang='lat' dir='ltr'>Novembrium</span> <span class='ocrx_word' id='word_1_199' title='bbox 813 3073 898 3142; x_wconf 78' lang='lat' dir='ltr'>vigilia</span> <span class='ocrx_word' id='word_1_200' title='bbox 912 3075 988 3128; x_wconf 68' lang='lat' dir='ltr'>sanai</span> <span class='ocrx_word' id='word_1_201' title='bbox 1001 3075 1126 3128; x_wconf 74' lang='lat' dir='ltr'>Leonardi</span> <span class='ocrx_word' id='word_1_202' title='bbox 1138 3076 1163 3128; x_wconf 91' lang='lat' dir='ltr'>in</span> <span class='ocrx_word' id='word_1_203' title='bbox 1177 3075 1260 3128; x_wconf 84' lang='lat' dir='ltr'>media</span> <span class='ocrx_word' id='word_1_204' title='bbox 1272 3079 1386 3125; x_wconf 81' lang='lat' dir='ltr'>Novemb.</span> <span class='ocrx_word' id='word_1_205' title='bbox 1398 3089 1420 3138; x_wconf 82' lang='grc' dir='ltr'>ς.</span> 
     </span>
    </p>

    <p class='ocr_par' dir='ltr' id='par_1_6' title="bbox 226 3153 1260 3306">
     <span class='ocr_line' id='line_1_25' title="bbox 226 3153 1259 3225; baseline 0.004 -20"><span class='ocrx_word' id='word_1_206' title='bbox 226 3155 309 3218; x_wconf 72' lang='lat' dir='ltr'>nodie,</span> <span class='ocrx_word' id='word_1_207' title='bbox 330 3172 381 3223; x_wconf 87' lang='lat' dir='ltr'>qua</span> <span class='ocrx_word' id='word_1_208' title='bbox 399 3155 462 3206; x_wconf 79' lang='lat' dir='ltr'>hora</span> <span class='ocrx_word' id='word_1_209' title='bbox 475 3153 588 3206; x_wconf 80' lang='lat' dir='ltr'>Christus</span> <span class='ocrx_word' id='word_1_210' title='bbox 605 3153 748 3225; x_wconf 83' lang='lat' dir='ltr'>exspoliavit</span> <span class='ocrx_word' id='word_1_211' title='bbox 765 3154 898 3221; x_wconf 84' lang='lat' dir='ltr'>infernum,</span> <span class='ocrx_word' id='word_1_212' title='bbox 919 3155 1049 3208; x_wconf 78' lang='lat' dir='ltr'>Christiani</span> <span class='ocrx_word' id='word_1_213' title='bbox 1066 3173 1140 3208; x_wconf 86' lang='lat' dir='ltr'>muro</span> <span class='ocrx_word' id='word_1_214' title='bbox 1152 3155 1259 3210; x_wconf 76' lang='lat' dir='ltr'>civitatis</span> 
     </span>
     <span class='ocr_line' id='line_1_26' title="bbox 227 3233 1260 3306; baseline 0.002 -19"><span class='ocrx_word' id='word_1_215' title='bbox 227 3234 346 3287; x_wconf 80' lang='lat' dir='ltr'>Damiate</span> <span class='ocrx_word' id='word_1_216' title='bbox 356 3233 434 3286; x_wconf 79' lang='lat' dir='ltr'>scalas</span> <span class='ocrx_word' id='word_1_217' title='bbox 446 3234 588 3304; x_wconf 83' lang='lat' dir='ltr'>posuerunt.</span> <span class='ocrx_word' id='word_1_218' title='bbox 605 3237 672 3288; x_wconf 89' lang='lat' dir='ltr'>Cum</span> <span class='ocrx_word' id='word_1_219' title='bbox 686 3246 772 3287; x_wconf 85' lang='lat' dir='ltr'>autem</span> <span class='ocrx_word' id='word_1_220' title='bbox 785 3253 834 3287; x_wconf 82' lang='lat' dir='ltr'>una</span> <span class='ocrx_word' id='word_1_221' title='bbox 846 3237 1022 3288; x_wconf 82' lang='lat' dir='ltr'>Romanorum</span> <span class='ocrx_word' id='word_1_222' title='bbox 1037 3236 1102 3290; x_wconf 84' lang='lat' dir='ltr'>scala</span> <span class='ocrx_word' id='word_1_223' title='bbox 1114 3235 1187 3306; x_wconf 77' lang='lat' dir='ltr'>ipfius</span> <span class='ocrx_word' id='word_1_224' title='bbox 1200 3235 1260 3290; x_wconf 82' lang='lat' dir='ltr'>civi·</span> 
     </span>
    </p>

    <p class='ocr_par' dir='ltr' id='par_1_7' title="bbox 227 3313 1260 3384">
     <span class='ocr_line' id='line_1_27' title="bbox 227 3313 1260 3384; baseline 0.001 -16"><span class='ocrx_word' id='word_1_225' title='bbox 227 3316 284 3368; x_wconf 79' lang='lat' dir='ltr'>ratis</span> <span class='ocrx_word' id='word_1_226' title='bbox 298 3331 372 3368; x_wconf 82' lang='lat' dir='ltr'>muro</span> <span class='ocrx_word' id='word_1_227' title='bbox 390 3313 451 3367; x_wconf 78' lang='lat' dir='ltr'>esset</span> <span class='ocrx_word' id='word_1_228' title='bbox 465 3313 587 3384; x_wconf 78' lang='lat' dir='ltr'>appofita,</span> <span class='ocrx_word' id='word_1_229' title='bbox 601 3315 712 3368; x_wconf 79' lang='lat' dir='ltr'>volentes</span> <span class='ocrx_word' id='word_1_230' title='bbox 725 3314 749 3367; x_wconf 86' lang='lat' dir='ltr'>in</span> <span class='ocrx_word' id='word_1_231' title='bbox 763 3315 890 3367; x_wconf 82' lang='lat' dir='ltr'>civitatem</span> <span class='ocrx_word' id='word_1_232' title='bbox 899 3315 1000 3381; x_wconf 83' lang='lat' dir='ltr'>intrare,</span> <span class='ocrx_word' id='word_1_233' title='bbox 1012 3315 1104 3369; x_wconf 89' lang='lat' dir='ltr'>iudicio</span> <span class='ocrx_word' id='word_1_234' title='bbox 1117 3317 1166 3369; x_wconf 87' lang='lat' dir='ltr'>Dei</span> <span class='ocrx_word' id='word_1_235' title='bbox 1182 3316 1260 3372; x_wconf 67' lang='lat' dir='ltr'>staua</span> 
     </span>
    </p>

    <p class='ocr_par' dir='ltr' id='par_1_8' title="bbox 225 3395 1260 3549">
     <span class='ocr_line' id='line_1_28' title="bbox 225 3395 1260 3466; baseline 0 -16"><span class='ocrx_word' id='word_1_236' title='bbox 225 3397 265 3450; x_wconf 84' lang='lat' dir='ltr'>est.</span> <span class='ocrx_word' id='word_1_237' title='bbox 282 3395 344 3450; x_wconf 85' lang='lat' dir='ltr'>Alie</span> <span class='ocrx_word' id='word_1_238' title='bbox 357 3395 421 3448; x_wconf 84' lang='lat' dir='ltr'>scale</span> <span class='ocrx_word' id='word_1_239' title='bbox 436 3411 541 3448; x_wconf 85' lang='lat' dir='ltr'>nurnero</span> <span class='ocrx_word' id='word_1_240' title='bbox 552 3413 569 3448; x_wconf 80' lang='lat' dir='ltr'>x</span> <span class='ocrx_word' id='word_1_241' title='bbox 580 3395 647 3448; x_wconf 80' lang='lat' dir='ltr'>intus</span> <span class='ocrx_word' id='word_1_242' title='bbox 662 3395 791 3448; x_wconf 81' lang='lat' dir='ltr'>civitatem</span> <span class='ocrx_word' id='word_1_243' title='bbox 804 3395 967 3461; x_wconf 81' lang='lat' dir='ltr'>intraverunt,</span> <span class='ocrx_word' id='word_1_244' title='bbox 980 3395 1022 3466; x_wconf 91' lang='lat' dir='ltr'>qui</span> <span class='ocrx_word' id='word_1_245' title='bbox 1033 3397 1111 3463; x_wconf 75' lang='lat' dir='ltr'>exire,</span> <span class='ocrx_word' id='word_1_246' title='bbox 1123 3414 1171 3450; x_wconf 84' lang='lat' dir='ltr'>nec</span> <span class='ocrx_word' id='word_1_247' title='bbox 1183 3397 1260 3450; x_wconf 77' lang='lat' dir='ltr'>scalas</span> 
     </span>
     <span class='ocr_line' id='line_1_29' title="bbox 226 3476 1260 3549; baseline 0.005 -21"><span class='ocrx_word' id='word_1_248' title='bbox 226 3493 372 3547; x_wconf 85' lang='lat' dir='ltr'>recuperare</span> <span class='ocrx_word' id='word_1_249' title='bbox 392 3476 496 3530; x_wconf 85' lang='lat' dir='ltr'>minime</span> <span class='ocrx_word' id='word_1_250' title='bbox 514 3489 659 3547; x_wconf 85' lang='lat' dir='ltr'>potuerunt,</span> <span class='ocrx_word' id='word_1_251' title='bbox 680 3479 724 3548; x_wconf 87' lang='lat' dir='ltr'>qui</span> <span class='ocrx_word' id='word_1_252' title='bbox 738 3477 877 3529; x_wconf 86' lang='lat' dir='ltr'>admodum</span> <span class='ocrx_word' id='word_1_253' title='bbox 896 3478 993 3530; x_wconf 83' lang='lat' dir='ltr'>turbati</span> <span class='ocrx_word' id='word_1_254' title='bbox 1008 3478 1192 3548; x_wconf 87' lang='lat' dir='ltr'>plurimumque</span> <span class='ocrx_word' id='word_1_255' title='bbox 1205 3497 1260 3549; x_wconf 86' lang='lat' dir='ltr'>pet·</span> 
     </span>
    </p>

    <p class='ocr_par' dir='ltr' id='par_1_9' title="bbox 225 3557 1260 3627">
     <span class='ocr_line' id='line_1_30' title="bbox 225 3557 1260 3627; baseline 0.004 -19"><span class='ocrx_word' id='word_1_256' title='bbox 225 3557 302 3610; x_wconf 84' lang='lat' dir='ltr'>territi</span> <span class='ocrx_word' id='word_1_257' title='bbox 316 3569 436 3627; x_wconf 84' lang='lat' dir='ltr'>ceperunt</span> <span class='ocrx_word' id='word_1_258' title='bbox 450 3558 559 3612; x_wconf 81' lang='lat' dir='ltr'>ciamare</span> <span class='ocrx_word' id='word_1_259' title='bbox 573 3560 597 3611; x_wconf 76' lang='grc' dir='ltr'>δι</span> <span class='ocrx_word' id='word_1_260' title='bbox 613 3558 707 3612; x_wconf 75' lang='lat' dir='ltr'>diceret</span> <span class='ocrx_word' id='word_1_261' title='bbox 729 3559 751 3609; x_wconf 90' lang='lat'><strong><em>0</em></strong></span> <span class='ocrx_word' id='word_1_262' title='bbox 766 3557 876 3622; x_wconf 84' lang='lat' dir='ltr'>Domine,</span> <span class='ocrx_word' id='word_1_263' title='bbox 896 3558 1037 3623; x_wconf 79' lang='lat' dir='ltr'>oDomine,</span> <span class='ocrx_word' id='word_1_264' title='bbox 1050 3559 1166 3626; x_wconf 82' lang='lat' dir='ltr'>miserere</span> <span class='ocrx_word' id='word_1_265' title='bbox 1185 3559 1260 3623; x_wconf 83' lang='lat' dir='ltr'>nobis,</span> 
     </span>
    </p>

    <p class='ocr_par' dir='ltr' id='par_1_10' title="bbox 123 3637 1262 3787">
     <span class='ocr_line' id='line_1_31' title="bbox 123 3637 1260 3708; baseline 0.004 -20"><span class='ocrx_word' id='word_1_266' title='bbox 123 3673 125 3678; x_wconf 78' lang='lat'><em>·</em></span> <span class='ocrx_word' id='word_1_267' title='bbox 225 3637 330 3690; x_wconf 84' lang='lat' dir='ltr'>adiuva</span> <span class='ocrx_word' id='word_1_268' title='bbox 343 3655 393 3704; x_wconf 87' lang='lat' dir='ltr'>nor,</span> <span class='ocrx_word' id='word_1_269' title='bbox 405 3641 474 3692; x_wconf 82' lang='lat' dir='ltr'>Deus</span> <span class='ocrx_word' id='word_1_270' title='bbox 479 3637 608 3705; x_wconf 78' lang='lat' dir='ltr'>salutaris</span> <span class='ocrx_word' id='word_1_271' title='bbox 620 3639 703 3708; x_wconf 69' lang='lat' dir='ltr'>noster,</span> <span class='ocrx_word' id='word_1_272' title='bbox 717 3639 776 3706; x_wconf 85' lang='lat' dir='ltr'>quia</span> <span class='ocrx_word' id='word_1_273' title='bbox 786 3637 860 3690; x_wconf 84' lang='lat' dir='ltr'>omnis</span> <span class='ocrx_word' id='word_1_274' title='bbox 867 3639 927 3706; x_wconf 83' lang='lat' dir='ltr'>spes</span> <span class='ocrx_word' id='word_1_275' title='bbox 939 3641 968 3690; x_wconf 70' lang='lat' dir='ltr'>tu</span> <span class='ocrx_word' id='word_1_276' title='bbox 969 3639 1044 3706; x_wconf 84' lang='lat' dir='ltr'>salus</span> <span class='ocrx_word' id='word_1_277' title='bbox 1056 3640 1136 3708; x_wconf 73' lang='lat' dir='ltr'>ntfita</span> <span class='ocrx_word' id='word_1_278' title='bbox 1148 3639 1174 3692; x_wconf 87' lang='lat' dir='ltr'>in</span> <span class='ocrx_word' id='word_1_279' title='bbox 1185 3658 1260 3692; x_wconf 78' lang='lat' dir='ltr'>manu</span> 
     </span>
     <span class='ocr_line' id='line_1_32' title="bbox 227 3717 1262 3787; baseline 0.005 -19"><span class='ocrx_word' id='word_1_280' title='bbox 227 3717 282 3769; x_wconf 67' lang='grc' dir='ltr'>ἵνά</span> <span class='ocrx_word' id='word_1_281' title='bbox 296 3719 336 3786; x_wconf 82' lang='lat' dir='ltr'>est,</span> <span class='ocrx_word' id='word_1_282' title='bbox 351 3719 380 3770; x_wconf 54' lang='grc' dir='ltr'>ὅ</span> <span class='ocrx_word' id='word_1_283' title='bbox 388 3718 455 3771; x_wconf 76' lang='lat' dir='ltr'>mitte</span> <span class='ocrx_word' id='word_1_284' title='bbox 464 3719 530 3772; x_wconf 81' lang='lat' dir='ltr'>nohis</span> <span class='ocrx_word' id='word_1_285' title='bbox 545 3723 576 3771; x_wconf 79' lang='lat' dir='ltr'>de</span> <span class='ocrx_word' id='word_1_286' title='bbox 589 3718 637 3771; x_wconf 86' lang='lat' dir='ltr'>celo</span> <span class='ocrx_word' id='word_1_287' title='bbox 649 3718 747 3786; x_wconf 84' lang='lat' dir='ltr'>angelos</span> <span class='ocrx_word' id='word_1_288' title='bbox 764 3721 836 3782; x_wconf 55' lang='lat' dir='ltr'>quos,</span> <span class='ocrx_word' id='word_1_289' title='bbox 849 3718 892 3786; x_wconf 86' lang='lat' dir='ltr'>qui</span> <span class='ocrx_word' id='word_1_290' title='bbox 903 3720 1023 3787; x_wconf 83' lang='lat' dir='ltr'>nobiscum</span> <span class='ocrx_word' id='word_1_291' title='bbox 1030 3719 1081 3787; x_wconf 71' lang='lat' dir='ltr'>fini</span> <span class='ocrx_word' id='word_1_292' title='bbox 1089 3721 1118 3770; x_wconf 66' lang='lat' dir='ltr'>u</span> <span class='ocrx_word' id='word_1_293' title='bbox 1127 3722 1262 3787; x_wconf 78' lang='lat' dir='ltr'>defendant</span> 
     </span>
    </p>

    <p class='ocr_par' dir='ltr' id='par_1_11' title="bbox 194 3793 1260 4108">
     <span class='ocr_line' id='line_1_33' title="bbox 194 3793 1260 3868; baseline 0.004 -19"><span class='ocrx_word' id='word_1_294' title='bbox 194 3857 198 3868; x_wconf 34' lang='grc' dir='ltr'><strong><em>Ι</em></strong></span> <span class='ocrx_word' id='word_1_295' title='bbox 225 3813 265 3850; x_wconf 80' lang='lat' dir='ltr'>nos</span> <span class='ocrx_word' id='word_1_296' title='bbox 277 3800 311 3850; x_wconf 81' lang='lat' dir='ltr'>ab</span> <span class='ocrx_word' id='word_1_297' title='bbox 324 3797 404 3868; x_wconf 80' lang='lat' dir='ltr'>impiis</span> <span class='ocrx_word' id='word_1_298' title='bbox 418 3800 444 3850; x_wconf 67' lang='lat' dir='ltr'>di</span> <span class='ocrx_word' id='word_1_299' title='bbox 457 3799 598 3851; x_wconf 79' lang='lat' dir='ltr'>crudelibus</span> <span class='ocrx_word' id='word_1_300' title='bbox 611 3798 730 3867; x_wconf 75' lang='lat' dir='ltr'>Pagonii,</span> <span class='ocrx_word' id='word_1_301' title='bbox 745 3809 773 3850; x_wconf 78' lang='lat' dir='ltr'>ut</span> <span class='ocrx_word' id='word_1_302' title='bbox 783 3801 814 3850; x_wconf 80' lang='lat' dir='ltr'>de</span> <span class='ocrx_word' id='word_1_303' title='bbox 825 3799 892 3851; x_wconf 83' lang='lat' dir='ltr'>nobis</span> <span class='ocrx_word' id='word_1_304' title='bbox 900 3801 1037 3868; x_wconf 76' lang='lat' dir='ltr'>potestatem</span> <span class='ocrx_word' id='word_1_305' title='bbox 1049 3793 1144 3851; x_wconf 71' lang='lat' dir='ltr'>haberi</span> <span class='ocrx_word' id='word_1_306' title='bbox 1154 3818 1199 3853; x_wconf 73' lang='lat' dir='ltr'>non</span> <span class='ocrx_word' id='word_1_307' title='bbox 1204 3800 1260 3868; x_wconf 81' lang='lat' dir='ltr'>pos-</span> 
     </span>
     <span class='ocr_line' id='line_1_34' title="bbox 219 3877 1260 3946; baseline 0.001 -16"><span class='ocrx_word' id='word_1_308' title='bbox 219 3877 277 3945; x_wconf 76' lang='lat' dir='ltr'>fint,</span> <span class='ocrx_word' id='word_1_309' title='bbox 291 3889 319 3930; x_wconf 78' lang='lat' dir='ltr'>ut</span> <span class='ocrx_word' id='word_1_310' title='bbox 326 3880 435 3945; x_wconf 75' lang='lat' dir='ltr'>potentia</span> <span class='ocrx_word' id='word_1_311' title='bbox 446 3880 474 3930; x_wconf 55' lang='grc' dir='ltr'>ὅ</span> <span class='ocrx_word' id='word_1_312' title='bbox 482 3877 666 3946; x_wconf 74' lang='lat' dir='ltr'>magnificentia</span> <span class='ocrx_word' id='word_1_313' title='bbox 681 3877 737 3930; x_wconf 81' lang='lat' dir='ltr'>‘Tua</span> <span class='ocrx_word' id='word_1_314' title='bbox 747 3879 782 3930; x_wconf 86' lang='lat' dir='ltr'>ab</span> <span class='ocrx_word' id='word_1_315' title='bbox 793 3878 903 3931; x_wconf 81' lang='lat' dir='ltr'>omnibus</span> <span class='ocrx_word' id='word_1_316' title='bbox 915 3879 1032 3931; x_wconf 78' lang='lat' dir='ltr'>laudetur</span> <span class='ocrx_word' id='word_1_317' title='bbox 1048 3880 1076 3930; x_wconf 54' lang='grc' dir='ltr'>ὅ</span> <span class='ocrx_word' id='word_1_318' title='bbox 1084 3896 1167 3933; x_wconf 75' lang='lat' dir='ltr'>nomen</span> <span class='ocrx_word' id='word_1_319' title='bbox 1182 3883 1260 3931; x_wconf 70' lang='lat' dir='ltr'>Tuum</span> 
     </span>
     <span class='ocr_line' id='line_1_35' title="bbox 218 3957 1260 4028; baseline 0.004 -20"><span class='ocrx_word' id='word_1_320' title='bbox 218 3957 336 4024; x_wconf 59' lang='lat' dir='ltr'>sancium</span> <span class='ocrx_word' id='word_1_321' title='bbox 345 3968 392 4026; x_wconf 83' lang='lat' dir='ltr'>per</span> <span class='ocrx_word' id='word_1_322' title='bbox 406 3958 556 4028; x_wconf 80' lang='lat' dir='ltr'>universum</span> <span class='ocrx_word' id='word_1_323' title='bbox 565 3961 645 4010; x_wconf 83' lang='lat' dir='ltr'>orbern</span> <span class='ocrx_word' id='word_1_324' title='bbox 655 3959 811 4027; x_wconf 80' lang='lat' dir='ltr'>glorificetur</span> <span class='ocrx_word' id='word_1_325' title='bbox 826 3960 854 4010; x_wconf 58' lang='grc' dir='ltr'>ὅ</span> <span class='ocrx_word' id='word_1_326' title='bbox 862 3959 1011 4013; x_wconf 70' lang='grc' dir='ltr'>ὑικιάίᾶιιω</span> <span class='ocrx_word' id='word_1_327' title='bbox 1016 3959 1051 4026; x_wconf 75' lang='lat' dir='ltr'>sii</span> <span class='ocrx_word' id='word_1_328' title='bbox 1062 3957 1088 4011; x_wconf 88' lang='lat' dir='ltr'>in</span> <span class='ocrx_word' id='word_1_329' title='bbox 1091 3958 1180 4026; x_wconf 83' lang='lat' dir='ltr'>secula</span> <span class='ocrx_word' id='word_1_330' title='bbox 1186 3960 1260 4027; x_wconf 79' lang='lat' dir='ltr'>secu·</span> 
     </span>
     <span class='ocr_line' id='line_1_36' title="bbox 225 4037 1258 4108; baseline 0.003 -21"><span class='ocrx_word' id='word_1_331' title='bbox 225 4037 309 4090; x_wconf 79' lang='lat' dir='ltr'>iorum.</span> <span class='ocrx_word' id='word_1_332' title='bbox 324 4040 408 4090; x_wconf 80' lang='lat' dir='ltr'>Amen.</span> <span class='ocrx_word' id='word_1_333' title='bbox 432 4037 619 4098; x_wconf 41' lang='lat' dir='ltr'>Qua‘omrioue</span> <span class='ocrx_word' id='word_1_334' title='bbox 636 4037 701 4091; x_wconf 61' lang='lat' dir='ltr'>fabia</span> <span class='ocrx_word' id='word_1_335' title='bbox 718 4038 851 4091; x_wconf 76' lang='lat' dir='ltr'>Christiani</span> <span class='ocrx_word' id='word_1_336' title='bbox 869 4051 999 4108; x_wconf 85' lang='lat' dir='ltr'>tamquam</span> <span class='ocrx_word' id='word_1_337' title='bbox 1016 4039 1098 4108; x_wconf 85' lang='lat' dir='ltr'>angeli</span> <span class='ocrx_word' id='word_1_338' title='bbox 1111 4042 1258 4091; x_wconf 84' lang='lat' dir='ltr'>catervatim</span> 
     </span>
    </p>

    <p class='ocr_par' dir='ltr' id='par_1_12' title="bbox 225 4115 1260 4268">
     <span class='ocr_line' id='line_1_37' title="bbox 225 4115 1260 4189; baseline 0.004 -21"><span class='ocrx_word' id='word_1_339' title='bbox 225 4133 282 4168; x_wconf 86' lang='lat' dir='ltr'>cum</span> <span class='ocrx_word' id='word_1_340' title='bbox 299 4115 368 4169; x_wconf 79' lang='lat' dir='ltr'>scalis</span> <span class='ocrx_word' id='word_1_341' title='bbox 382 4119 406 4170; x_wconf 87' lang='lat'>&amp;</span> <span class='ocrx_word' id='word_1_342' title='bbox 420 4117 568 4172; x_wconf 77' lang='lat' dir='ltr'>scalionibus</span> <span class='ocrx_word' id='word_1_343' title='bbox 581 4119 605 4170; x_wconf 87' lang='lat'>&amp;</span> <span class='ocrx_word' id='word_1_344' title='bbox 618 4117 670 4170; x_wconf 79' lang='lat' dir='ltr'>aliis</span> <span class='ocrx_word' id='word_1_345' title='bbox 683 4118 756 4188; x_wconf 73' lang='lat' dir='ltr'>lignis</span> <span class='ocrx_word' id='word_1_346' title='bbox 768 4119 838 4171; x_wconf 87' lang='lat' dir='ltr'>omni</span> <span class='ocrx_word' id='word_1_347' title='bbox 851 4119 937 4184; x_wconf 89' lang='lat' dir='ltr'>modo,</span> <span class='ocrx_word' id='word_1_348' title='bbox 954 4130 1029 4189; x_wconf 89' lang='lat' dir='ltr'>prout</span> <span class='ocrx_word' id='word_1_349' title='bbox 1041 4130 1167 4188; x_wconf 82' lang='lat' dir='ltr'>poterant,</span> <span class='ocrx_word' id='word_1_350' title='bbox 1188 4119 1260 4189; x_wconf 82' lang='lat' dir='ltr'>super</span> 
     </span>
     <span class='ocr_line' id='line_1_38' title="bbox 226 4195 1259 4268; baseline 0.005 -20"><span class='ocrx_word' id='word_1_351' title='bbox 226 4211 324 4252; x_wconf 84' lang='lat' dir='ltr'>murum</span> <span class='ocrx_word' id='word_1_352' title='bbox 339 4195 447 4248; x_wconf 82' lang='lat' dir='ltr'>civitatis</span> <span class='ocrx_word' id='word_1_353' title='bbox 460 4197 618 4249; x_wconf 82' lang='lat' dir='ltr'>conabantur</span> <span class='ocrx_word' id='word_1_354' title='bbox 630 4196 762 4249; x_wconf 79' lang='lat' dir='ltr'>ascendere</span> <span class='ocrx_word' id='word_1_355' title='bbox 774 4199 809 4249; x_wconf 91' lang='lat' dir='ltr'>ob</span> <span class='ocrx_word' id='word_1_356' title='bbox 823 4197 969 4268; x_wconf 89' lang='lat' dir='ltr'>obsequium</span> <span class='ocrx_word' id='word_1_357' title='bbox 983 4197 1087 4250; x_wconf 87' lang='lat' dir='ltr'>Domini</span> <span class='ocrx_word' id='word_1_358' title='bbox 1099 4197 1174 4250; x_wconf 78' lang='lat' dir='ltr'>nostri</span> <span class='ocrx_word' id='word_1_359' title='bbox 1187 4197 1259 4254; x_wconf 81' lang='lat' dir='ltr'>lhesu</span> 
     </span>
    </p>
   </div>
   <div class='ocr_carea' id='block_1_5' title="bbox 0 0 1736 5110">
    <p class='ocr_par' dir='ltr' id='par_1_13' title="bbox 0 0 1736 5110">
     <span class='ocr_line' id='line_1_39' title="bbox 0 0 1736 5110; baseline 0 1"><span class='ocrx_word' id='word_1_360' title='bbox 0 0 1736 5110; x_wconf 95' lang='lat' dir='ltr'> </span> 
     </span>
    </p>
   </div>
  </div>
 </body>
</html>
