3462 5110
456 365 502 448 50

368 620 426 669 1219
454 585 691 686 percussoribus
719 585 857 660 abstulit.
889 587 959 658 Post
979 587 1101 684 equites
1127 585 1253 657 nostros
1279 588 1392 685 egressi
1414 588 1487 660 sunt
1499 601 1697 663 V-‚fi10v⁰‚c·1·

453 693 591 793 pedites,
609 698 643 766 &
660 693 798 766 modico
815 719 967 793 tempore
984 695 1016 766 se
1027 691 1251 766 subtraxerunt
1260 693 1366 768 hostes
1375 731 1385 789 3
1401 697 1486 769 acies

453 803 530 874 hinc
550 800 627 874 inde
647 803 861 874 sustinuerunt
877 825 1011 895 armate,
1037 799 1145 874 donec
1163 802 1388 898 crepusculum
1415 831 1486 902 pre·
1499 823 1698 886 1³.,p.235,e.2.

452 911 534 982 lium
555 901 728 1000 interemit,
749 912 783 980 δι
800 911 967 982 Sarraceni
985 907 1118 1006 quidem
1135 911 1260 1006 priores
1283 910 1485 985 recesserunt.
1720 876 1721 966 l

453 1019 610 1116 Corpora
639 1016 841 1114 perfidorum
866 1020 960 1090 strata
988 1017 1149 1107 iacebant,
1175 1022 1209 1090 δι
1226 1019 1322 1092 multi
1352 1020 1488 1092 letaliter

454 1127 550 1220 saucij
570 1124 613 1198 ad
627 1125 729 1197 castra
742 1127 816 1197 sunt
838 1123 962 1197 redum
973 1160 984 1218 3
1011 1126 1110 1224 pauci
1132 1125 1174 1198 de
1194 1127 1307 1198 nostris
1327 1127 1489 1199 interfedli

452 1235 537 1327 sunt,
560 1236 594 1304 δι
612 1233 713 1329 aliqui
730 1260 845 1306 eorum
863 1236 959 1330 capti.
979 1236 1031 1306 Sic
1050 1235 1183 1309 salvavit
1198 1237 1363 1306 Dominus
1384 1238 1418 1306 in
1435 1232 1489 1306 die

454 1344 619 1442 sperantes
637 1343 670 1412 in
684 1341 716 1412 se
731 1367 790 1439 per
802 1342 953 1415 virtutem
967 1341 1214 1438 templariorum
1225 1344 1261 1412 δε
1273 1367 1400 1432 eorum,
1421 1342 1488 1438 qu'i,

454 1448 528 1547 ipfis
545 1451 726 1545 cooperati,
752 1448 784 1520 se
803 1447 983 1520 discrimini
1000 1450 1242 1521 commiserunt.
1269 1451 1489 1543 lnstrumenta,

454 1583 570 1630 contra
584 1557 750 1629 civitatem
767 1581 952 1652 preparata,
971 1559 1084 1630 omnia
1098 1583 1205 1656 preter
1220 1558 1320 1630 scalas
1337 1586 1357 1630 a
1374 1555 1489 1628 defen·

455 1662 579 1737 loribus
598 1665 665 1734 eius
683 1663 756 1733 sunt
773 1661 953 1736 combusta.

503 1770 682 1860 lanuenses‚
699 1770 800 1841 Pisani
817 1773 851 1841 δι
868 1771 1059 1865 Veneciani,
1086 1773 1250 1847 civitatem
1270 1772 1303 1844 se
1320 1795 1490 1870 expugna·

454 1904 555 1972 turos,
573 1875 823 1976 promittebant,
843 1877 900 1949 sed
916 1876 973 1976 ipst
993 1904 1062 1951 non
1081 1904 1173 1952 erant
1189 1878 1231 1952 de
1247 1905 1385 1951 numero
1403 1881 1490 1951 viro·

455 2015 528 2060 rum
557 1987 701 2078 illorum,
730 2013 790 2084 per
819 2012 903 2083 quos
934 1986 1084 2060 facienda
1113 2013 1182 2060 erat
1210 1987 1292 2060 salus
1309 1989 1344 2058 in
1375 1985 1490 2077 lsradl3

456 2094 615 2170 volebant
628 2097 717 2168 enim
729 2092 786 2167 fibi
799 2096 906 2168 facere
918 2122 1054 2187 nomen,
1073 2122 1148 2168 cum
1162 2095 1295 2168 tubis&
1311 2093 1490 2167 callamillis

456 2206 490 2274 δι
514 2202 610 2302 signis
635 2203 800 2302 progreffi.
829 2201 958 2300 Quibus
986 2203 1164 2301 apostolice
1190 2203 1272 2276 sedis
1298 2203 1424 2302 legatus
1449 2199 1491 2272 de

458 2315 630 2385 communi
655 2310 746 2383 dedit
769 2312 915 2409 sumptus
933 2313 1099 2408 copiosos,
1125 2337 1181 2383 rex
1200 2315 1236 2383 δε
1252 2310 1304 2404 alij
1323 2308 1491 2381 cordas&

456 2421 628 2512 anchoras,
642 2443 742 2517 prout
753 2416 923 2516 petebant,
936 2417 1163 2490 habundanter
1178 2415 1401 2492 exhibuerunt.
1422 2421 1491 2514 Ag-

455 2526 639 2627 gredientes
656 2528 767 2622 itaque
786 2527 950 2598 civitatem
967 2528 1076 2623 primo
1090 2525 1143 2598 die
1157 2526 1278 2599 multos
1296 2524 1488 2598 occiderunt

455 2636 489 2704 δι
501 2634 762 2726 vulneraverunt,
780 2631 835 2706 sed
849 2658 974 2730 quanto
990 2633 1204 2731 postmodum
1217 2635 1322 2731 sepius
1335 2633 1488 2704 insultum

456 2740 612 2833 fecerunt,
639 2764 731 2813 tanto
758 2742 864 2840 magis
890 2741 974 2812 muri
997 2741 1114 2841 ligneis
1132 2741 1298 2814 castellulis
1316 2767 1357 2812 ac
1372 2741 1452 2812 liciis
1470 2765 1489 2809 a

456 2845 580 2920 civibus
594 2845 819 2920 fulciebantur.
842 2847 1039 2920 Defensores
1052 2851 1151 2921 etiam
1165 2847 1322 2921 robustius
1337 2850 1368 2920 se
1380 2849 1488 2946 super·

456 2951 659 3029 venientibus
678 2953 906 3050 opponebant,
921 2957 956 3027 δι
966 2952 1010 3026 stc
1025 2955 1120 3049 scale,
1137 2983 1196 3054 per
1211 2958 1325 3056 ignem
1342 2954 1489 3028 mutilate
1503 2964 1705 3027 V·‚f·10v⁰‚e·²·

455 3061 626 3159 &pluries
643 3084 800 3157 reparate,
825 3060 960 3134 tandem
979 3059 1024 3134 ad
1039 3064 1157 3163 ripam,
1182 3063 1306 3136 infesto
1332 3062 1489 3160 negocio,

456 3168 529 3240 sunt
546 3168 688 3261 redude,
713 3172 748 3240 &
769 3167 812 3240 fic
830 3168 1069 3267 deprehensum
1094 3171 1138 3243 est
1162 3173 1197 3243 δι
1213 3172 1370 3243 veraciter
1394 3169 1489 3241 intel-

455 3274 588 3368 lenum,
601 3276 670 3348 sola
682 3277 799 3351 virtute
812 3275 923 3350 divina
937 3280 1126 3350 Damiatam
1135 3279 1233 3358 armis
1245 3276 1491 3350 christianorum
1504 3293 1540 3353 Ba
1550 3293 1636 3355 μηδ,
1647 3308 1667 3339 c·
1686 3307 1706 3340 ¹·

458 3381 529 3454 fore
547 3381 752 3455 tradendam.
772 3384 843 3455 Nos
857 3411 936 3456 vero
950 3386 1099 3457 insensati
1116 3387 1151 3457 δι
1166 3386 1377 3456 immemores
1390 3381 1490 3456 bene·

456 3489 607 3562 liciorum
632 3492 696 3562 Dei
727 3492 985 3587 provocavimus
1015 3516 1132 3564 contra
1159 3517 1221 3563 nos
1247 3491 1362 3564 oculos
1379 3491 1492 3563 maies-

457 3599 530 3668 tatis
545 3599 612 3669 eius
629 3624 688 3694 per
701 3599 864 3670 maiorum
877 3595 1032 3670 desidiam
1045 3600 1080 3670 δι
1093 3599 1372 3671 murmuraciones
1385 3599 1491 3669 mino·

458 3730 531 3774 rum
537 3737 548 3796 3
565 3701 693 3802 pedites
706 3704 869 3799 equitibus
885 3703 1155 3804 improperabant
1172 3705 1352 3804 ignaviam,
1369 3705 1493 3800 equites

458 3808 608 3907 peditum
633 3809 777 3906 pericula
805 3807 1057 3904 dissimulabant,
1083 3810 1218 3908 quando
1232 3823 1242 3857 ¹
1256 3835 1371 3882 contra
1388 3809 1493 3881 hostes

458 3914 719 4015 egrediebantur.
745 3914 843 3990 Unde
861 3918 985 3990 fastum
1003 3917 1058 4011 est,
1076 3942 1122 4007 ut,
1141 3914 1373 3990 communibus
1390 3917 1493 4014 culpis

496 4165 506 4197 1
523 4149 552 4198 V.
566 4164 653 4216 quum.
