3466 5110
384 444 385 449 ¹
438 381 744 437 CRUCIGERORUM
769 383 1053 438 RHENANORUM.
1207 383 1252 463 37

225 625 276 674 tur
296 603 330 674 in
351 600 496 699 passione
514 601 592 675 velis
617 598 779 700 oppansis,
806 599 956 674 ordinate
980 628 1071 674 mare
1097 604 1252 688 conscen·
1264 592 1382 716 ,4:383,

225 707 344 800 dimus,
360 709 589 805 venientesque
606 706 649 780 ad
667 732 800 804 portum
818 707 935 782 Cadix.
953 710 1078 782 Comes
1093 707 1135 782 de
1150 708 1252 784 Wide

225 843 245 888 a
260 817 314 888 via
329 819 417 886 resia
433 811 567 888 devians
584 816 690 912 ipsum
704 839 837 912 portum
850 815 924 912 post
935 816 1159 913 crepusculum
1176 842 1253 887 cum

224 922 337 1019 paucis
366 923 465 996 intrat
493 919 630 996 navibus
657 921 767 1018 ibique
795 925 920 994 caritati
945 949 1026 1019 opus
1050 921 1254 995 laudabiliter

225 1055 388 1122 exercens,
413 1031 523 1104 fratres
539 1033 628 1120 suos,
658 1032 715 1126 qui
733 1027 858 1102 duabus
877 1029 1012 1103 navibus
1031 1028 1156 1102 ibidem
1174 1056 1254 1102 nau·
1280 1036 1282 1040 ’

225 1135 366 1233 fragium
387 1136 467 1235 passi
481 1139 564 1229 sunt,
592 1137 670 1218 salvi
694 1161 805 1207 tamen
823 1135 917 1208 rebus
941 1138 976 1207 δε
1000 1161 1152 1234 corpore,
1177 1162 1253 1207 curn

225 1265 349 1338 magno
367 1241 532 1316 labore&
549 1244 667 1314 timore
683 1267 893 1340 paganorum
909 1242 1006 1314 litora
1023 1241 1168 1338 undique
1186 1246 1253 1314 cin·

122 1376 124 1382 ¹
225 1349 381 1444 gencium
411 1347 597 1447 colligebat.
625 1355 747 1420 lnterea
773 1375 885 1421 comes
904 1347 1065 1422 Hollensrs
1093 1351 1254 1422 maiorem

225 1478 353 1550 partem
376 1459 524 1544 navium,
552 1481 616 1551 que
638 1458 705 1527 iam
725 1456 867 1527 siricium
887 1482 977 1528 mare
997 1453 1253 1552 pertransierant,

225 1589 301 1634 cum
325 1562 442 1636 decem
464 1567 500 1635 δι
525 1569 602 1634 osio
627 1560 763 1634 navibus
790 1563 976 1634 comitatur.
992 1574 1002 1608 ¹
1020 1563 1126 1633 Huius
1144 1587 1254 1636 autem

224 1671 320 1741 maris
347 1671 448 1742 latera
471 1669 621 1743 adstricia
645 1673 680 1741 &
705 1671 738 1740 in
763 1669 925 1764 Europam
949 1674 1132 1758 terminata,
1157 1695 1254 1742 mon·

224 1775 308 1848 tibus
333 1777 485 1850 altissimis
506 1776 618 1849 srmeas
645 1773 855 1848 nutrientibus
877 1777 1122 1874 precinguntur,
1147 1777 1255 1848 castris
1308 1860 1311 1866 ,

225 1886 330 1956 eciam
359 1910 399 1957 ac
430 1885 523 1976 villis,
553 1881 686 1981 oppidis
717 1887 752 1955 &
785 1882 966 1955 civitatibus
1002 1881 1255 1982 [circum]septa,

226 2017 359 2087 quoque
371 1991 606 2064 mercatoribus
624 2015 714 2077 nota,
734 1990 948 2082 decorantur,
965 1990 1142 2088 longitudo
1159 1990 1255 2088 ipsrus
1358 2014 1360 2018 ·

226 2099 333 2171 navali
356 2099 448 2170 cursu
466 2097 632 2170 metienda
655 2099 708 2169 sex
724 2096 880 2168 horarum
905 2119 1040 2169 ventum
1065 2098 1253 2194 expostulat,

223 2205 363 2277 latitudo
385 2231 464 2278 vero
487 2205 659 2277 orizuntha
669 2205 705 2274 in
718 2200 975 2301 apprehensrone
996 2202 1140 2275 hominis
1165 2210 1255 2301 equi-

226 2315 322 2384 tantis
352 2311 590 2411 intelligibilem
626 2337 801 2408 parumper
828 2309 964 2383 excedit.
1005 2313 1161 2407 Cumque
1186 2313 1255 2383 iam

23 2441 54 2500 v,
64 2440 80 2486 f.
90 2453 102 2502 ς
113 2451 146 2499 ιο,
158 2455 178 2484 c.
190 2453 213 2485 ι.
224 2418 321 2515 primi
330 2445 420 2490 mare
431 2433 445 2466 ²
456 2418 545 2491 aliud
558 2419 669 2490 secura
682 2442 796 2514 puppe
808 2417 979 2507 sulcarent,
989 2442 1066 2488 ecce
1079 2417 1143 2490 due
1155 2443 1255 2490 naves

226 2551 444 2623 paganorum,
466 2523 595 2599 diversrs
613 2521 707 2596 rebus
725 2548 870 2616 onerate,
889 2549 928 2595 ex
945 2525 1124 2620 improviso
1140 2525 1255 2596 nostris

22 2651 48 2710 R,
59 2671 78 2714 p·
91 2665 146 2709 227,
158 2667 178 2696 c·
192 2663 212 2696 ¹·
225 2657 443 2704 occurrerunt.
475 2633 546 2704 Nec
557 2658 675 2724 mora,
692 2634 727 2702 in
744 2632 848 2702 hostes
862 2632 1115 2727 vertiturprota,
1131 2631 1253 2702 statim·

225 2765 290 2836 que
306 2741 431 2810 inimici
448 2741 631 2836 capiuntur,
647 2742 682 2810 δι
699 2764 799 2811 naves
815 2741 908 2834 aquis
920 2735 1098 2838 &ignibus
1114 2739 1255 2835 periture

224 2846 458 2943 relinquuntur.
477 2846 648 2943 Postquam
664 2869 774 2918 aurern
787 2871 826 2916 ea
838 2842 943 2942 preda
961 2868 1051 2916 tanta
1066 2844 1254 2938 exhylarati,

225 2950 267 3025 de
285 2955 414 3024 comitis
431 2977 542 3024 tamen
561 2951 712 3025 absencia
733 2953 840 3050 magis
857 2954 954 3043 anxii,
981 2951 1113 3050 longius
1136 2976 1253 3047 proce·

225 3057 386 3150 deremus,
404 3083 552 3132 uentum
579 3061 623 3132 est
650 3060 693 3131 ad
721 3083 884 3149 montem,
910 3060 966 3155 qui
996 3081 1095 3154 caput
1124 3059 1254 3130 Martini

225 3190 441 3263 nuncupatur,
467 3156 668 3262 &sequenti
692 3164 755 3255 die,
783 3162 934 3237 videlicet
958 3167 993 3236 in
1017 3190 1100 3236 cena
1116 3164 1255 3236 Domini
1268 3189 1323 3250 apr.
1337 3201 1372 3234 η.

225 3278 280 3345 ae‘r
307 3273 440 3345 sevior³
460 3274 625 3370 appatuit,
663 3269 765 3344 nubes
793 3295 829 3342 ut
858 3297 1029 3370 argentum
1054 3269 1256 3367 purissimum

225 3377 310 3450 bene
327 3380 467 3476 politum
488 3378 671 3471 rutilabant,
700 3382 735 3450 δι
758 3404 859 3450 omne
876 3375 1067 3475 vaporabile
1085 3379 1255 3450 inventum

225 3487 270 3557 est
299 3487 487 3578 resolutum,
509 3511 646 3582 ortaque
663 3486 707 3558 est
724 3486 894 3583 tempestas
916 3483 1082 3557 modernis
1097 3483 1255 3576 inaudita,

226 3619 291 3688 que
307 3595 406 3665 etiam
422 3591 535 3665 diebus
554 3617 708 3691 quattuor
725 3594 884 3664 continuo
902 3589 1097 3689 perduravit.
1117 3591 1181 3663 lllic
1197 3617 1255 3662 na-

225 3703 317 3774 vium
332 3701 438 3772 malos
454 3727 545 3773 ruere
561 3699 712 3789 vidimus,
723 3713 741 3760 4
751 3700 823 3772 vela
838 3696 940 3789 scilla,
958 3701 994 3770 &
1010 3695 1117 3789 bachi,
1129 3711 1141 3759 5
1153 3700 1255 3794 ruptis

224 3807 345 3908 cordis,
374 3807 417 3879 de
433 3806 570 3882 navibus
590 3809 663 3879 sunt
683 3808 795 3900 soluti3
825 3808 967 3878 minatur
987 3831 1078 3876 mare
1102 3829 1254 3897 mortem,

223 3940 320 4005 terra,
334 3916 589 4012 circumquaque
601 3915 782 3988 sarracenis
795 3936 968 4010 occupata,
979 3913 1169 4004 martyrium
1177 3935 1253 4007 pro·

262 4102 273 4134 r
294 4085 323 4136 V.
338 4081 487 4136 cominatur.
504 4112 540 4122 -·
557 4101 572 4133 2
586 4085 615 4135 V.
628 4081 711 4136 maris.
805 4101 823 4150 4
836 4084 865 4135 V.
879 4080 1049 4134 videlicet-
1062 4097 1076 4148 ς
1092 4081 1118 4132 B.
1125 4077 1217 4132 baschi.

223 4192 260 4203 -
275 4179 288 4229 ³
303 4164 333 4218 V.
348 4162 440 4218 omittit.
