3462 5110
423 408 473 461 DE
489 407 665 460 IOHANNE
682 407 783 460 REGE
803 407 1029 462 IERUSALEM.
1176 410 1236 461 121

215 627 421 726 angelorum,
446 629 482 699 δι
498 627 590 700 miles
606 627 660 699 ille
676 627 758 700 visus
776 627 820 699 est
838 624 930 698 fuisse
946 628 1059 699 Beatus
1076 627 1243 699 bar-rholo·
1259 653 1316 699 1218

217 761 319 828 meus,
337 736 393 831 qui
406 736 558 833 apparuit
569 733 687 806 rubens
705 757 861 830 tanquam
874 736 1063 827 excoriatus,
1080 736 1243 807 &festum

216 843 281 914 eius
299 842 425 940 semper
449 845 508 914 erit
523 844 559 914 in
576 838 728 913 cordibus
746 839 957 939 fignatorum,
982 845 1017 913 δι
1036 866 1114 913 tunc
1132 868 1245 940 aperta

217 949 261 1020 est
279 947 376 1020 nobis
392 951 457 1042 via,
475 951 552 1046 quia
569 949 705 1021 cathene
728 948 827 1019 ferree
845 947 945 1019 stadie
963 949 1046 1038 sunt,
1071 952 1106 1021 &
1121 952 1246 1048 pagani

218 1081 332 1128 contra
355 1082 416 1129 nos
433 1055 647 1129 submiserunt
666 1081 765 1128 naves
783 1079 936 1126 oneratos
952 1054 1127 1154 lapidibus,
1154 1056 1247 1153 quod

217 1164 345 1260 penitus
363 1163 536 1236 ascendere
555 1189 624 1236 non
641 1159 803 1253 valebant,
820 1163 856 1233 δι
872 1159 914 1233 stc
926 1160 1049 1235 sublata
1066 1188 1135 1236 erat
1150 1162 1246 1236 nobis

217 1271 287 1367 spes
304 1265 421 1342 intrare
438 1273 471 1342 in
489 1270 664 1369 Egyptum,
688 1269 744 1342 l'ed
762 1267 850 1365 quasr
868 1271 988 1366 captivi
1004 1269 1196 1343 tenebamur
1211 1276 1246 1345 in

217 1375 339 1449 sabulo.
359 1382 394 1450 In
408 1403 476 1451 uno
493 1376 548 1449 die
560 1377 720 1474 templarij
734 1374 889 1450 volebant
905 1403 964 1475 per
975 1376 1098 1470 flqmen
1116 1379 1247 1452 tranfire

218 1510 295 1556 cum
317 1510 429 1584 cogga
452 1510 578 1576 eorum,
606 1487 777 1556 &ventus
805 1485 985 1554 contrarius
1009 1487 1147 1583 proiecit
1172 1513 1247 1558 eam

218 1614 293 1663 ante
310 1618 422 1663 muros
449 1592 597 1681 civitatis,
621 1594 657 1663 δι
672 1593 837 1664 Sarraceni
868 1591 1152 1665 circumdederunt
1173 1621 1247 1666 eam

219 1723 296 1771 cum
312 1695 468 1792 barbotis,
492 1702 527 1771 &
544 1697 716 1771 Christiani
733 1724 891 1796 magnam
909 1697 1027 1770 cedem
1043 1700 1188 1773 fecerunt
1205 1699 1247 1774 de

219 1809 367 1906 paganis,
385 1805 441 1878 sed
458 1831 534 1878 cum
546 1803 707 1897 vidillent,
727 1804 820 1901 quod
832 1806 924 1877 nullo
942 1806 1047 1878 modo
1064 1806 1247 1882 amanibus

219 1940 428 2015 paganorum
460 1912 598 1987 evadere
627 1911 815 2010 potuilient,
843 1918 977 2012 padlum
1004 1914 1186 2011 quesierunt
1213 1919 1249 1988 δι

219 2020 432 2094 ascenderunt
448 2023 541 2119 super
556 2045 702 2118 coggam
718 2021 861 2110 inferius,
879 2023 914 2092 ἃ
931 2018 1095 2096 submersa
1110 2024 1156 2094 est
1171 2037 1249 2095 cum

220 2127 373 2201 omnibus
389 2130 425 2199 ἃ
441 2151 582 2225 quatuor
606 2125 744 2199 barbote
765 2153 842 2198 cum
867 2155 915 2219 ea,
940 2130 975 2199 δι
991 2127 1032 2199 stc
1050 2127 1249 2225 nequiebant

219 2234 341 2308 flumen
360 2234 519 2308 transire..

267 2345 320 2417 Vl.
340 2343 394 2415 Ad
416 2343 478 2416 hec
502 2344 659 2441 applicuit
680 2341 834 2414 dominus
853 2343 978 2440 legatus
997 2369 1073 2416 cum
1099 2347 1248 2445 principe

113 2468 205 2532 ωδ.
220 2452 458 2544 Romanorum,
479 2450 604 2541 videns,
633 2449 725 2547 quod
747 2477 816 2523 non
840 2448 1040 2524 habebamus
1061 2476 1178 2525 terram
1195 2452 1249 2524 fir-

12 2521 15 2608 l
220 2585 321 2651 mam,
339 2557 403 2657 [dc]
421 2555 577 2631 tenebant
597 2583 658 2628 nos
675 2583 737 2655 pro
755 2559 901 2656 captivis.

267 2667 334 2738 Vll.
361 2662 582 2737 considerans
614 2689 693 2738 vero
725 2691 779 2737 rex
812 2663 938 2763 Egypti,
972 2665 1064 2762 quod
1099 2694 1161 2741 nec
1191 2694 1251 2766 per

221 2799 352 2871 aquam,
381 2797 443 2844 nec
464 2770 632 2844 manendo
654 2773 687 2842 in
710 2769 822 2844 sabulo
844 2773 888 2843 eis
910 2797 1029 2845 nocere
1051 2798 1250 2871 poteramus,

221 2881 381 2979 cogitavit
401 2903 463 2950 nos
483 2877 669 2975 perdere&
689 2879 827 2950 armavit
843 2903 905 2950 xxx
923 2879 1032 2978 galeas
1049 2881 1085 2951 δι
1108 2883 1144 2952 in
1166 2908 1249 2978 quo·

221 2985 300 3058 dam
325 2983 378 3058 die
410 2987 530 3073 Martis,
559 2987 594 3056 in
620 2985 701 3056 festo
720 2984 809 3056 Beati
826 2983 983 3079 Dionysrj,
1006 2984 1090 3060 misit
1107 2989 1251 3061 cursores
1265 3007 1348 3055 orsos.
1360 3022 1382 3069 9.

222 3093 322 3189 usque
339 3092 381 3164 ad
400 3092 540 3164 tentoria
556 3092 676 3164 nostra.
1200 3110 1205 3118 ·

269 3200 348 3272 Vlll.
372 3198 528 3295 Cumque
547 3198 673 3270 clamor
689 3195 881 3271 ascendill'et
898 3200 933 3269 in
951 3199 1060 3292 castra,
1078 3200 1251 3274 Christiani

220 3303 327 3378 subito
346 3306 378 3377 se
391 3308 644 3378 armaverunt&
657 3329 814 3402 tanquam
829 3305 938 3403 angeli
955 3308 1143 3378 catervatim
1160 3305 1252 3382 ibant

222 3435 279 3508 per
296 3409 456 3504 sabulum,
473 3436 535 3483 nec
547 3435 690 3484 mortem
699 3437 761 3509 pro
774 3410 893 3483 Christi
906 3413 1053 3504 nomine,
1067 3439 1128 3485 nec
1147 3415 1251 3488 iacula

222 3515 446 3609 formidantes,
464 3515 668 3589 &dominus
683 3519 820 3618 legatus,
836 3541 973 3615 portans
987 3543 1119 3591 crucem
1131 3521 1164 3591 in
1183 3548 1251 3594 ma-

221 3623 315 3697 nibus
333 3625 407 3715 suis,
424 3646 513 3696 nunc
526 3623 655 3715 milites,
672 3649 760 3696 nunc
773 3623 897 3721 pedites
911 3624 1072 3698 exhortati
1085 3652 1154 3698 non
1171 3624 1251 3698 defi-

221 3728 321 3803 nebat
347 3729 390 3802 ad
419 3727 610 3826 obsequium
640 3730 805 3820 Crucifixi,
830 3733 864 3802 &
894 3729 997 3804 subito
1014 3734 1189 3807 innovatus
1207 3733 1252 3806 est

222 3838 328 3910 versus
342 3835 531 3924 Davidicus,
551 3836 644 3933 quod
657 3867 732 3910 unus
745 3842 844 3910 decem
857 3841 945 3908 milia
954 3843 1091 3934 figulat
1102 3844 1136 3934 (1
1154 3843 1252 3931 Sam,

223 3963 329 4034 xvm,
346 3944 397 4039 7),
415 3945 450 4014 ἃ
469 3968 539 4014 non
555 3944 662 4015 solum
678 3945 795 4017 milites
820 3946 942 4016 mortui
962 3946 1044 4035 sunt,
1063 3946 1118 4019 sed
1135 3971 1252 4018 omnes

223 4052 278 4143 illi,
298 4051 354 4147 qui
371 4074 528 4124 venerant
553 4053 588 4122 in
606 4052 708 4151 galeis
724 4054 758 4123 ἃ
780 4047 924 4124 berbotis
949 4053 983 4122 in
1010 4077 1106 4147 aqua,
1131 4055 1252 4124 mortui

225 4157 307 4249 sunt,
337 4157 495 4258 sanguine
519 4182 662 4253 quorum
681 4182 767 4254 aqua
783 4154 925 4230 fluminis
944 4154 1029 4229 adeo
1051 4159 1172 4230 infedla
1197 4159 1251 4250 est,

1121 4280 1152 4330 ιε
