3466 5110
453 399 759 456 CRUCIGERORUM
784 397 1069 453 RHENANORUM.
1233 399 1275 479 41

252 626 370 699 locata.
398 626 518 696 lnsiniti
534 627 639 697 eciam
665 625 719 716 alij
740 627 774 695 ἃ
800 624 950 722 theologi
968 625 1008 698 in¹
1024 620 1158 720 pariensi
1189 622 1281 694 fonte
1312 635 1370 681 ¹²1⁸

253 736 364 805 nutriti
377 761 416 805 ex
424 731 610 804 inordinata
622 730 720 821 dieta,
735 728 918 802 dissenteria
931 733 1110 802 comitante
1123 733 1157 801 ἃ
1171 729 1281 802 calore

254 841 378 914 cundlis
395 837 538 912 febribus
556 840 707 929 forciore,
726 862 867 934 corpora
878 838 934 907 sua
950 839 1049 908 Terre
1066 839 1193 928 Sandle‚
1211 839 1281 909 ani·

254 974 325 1020 mas
342 973 422 1020 vero
440 946 509 1016 filio
528 946 672 1044 Virginis
694 945 859 1039 reliquere.
877 944 948 1013 Post
971 943 1154 1041 predidium
1179 946 1283 1014 comi·

255 1082 322 1127 tem
346 1055 474 1150 semper
493 1051 758 1140 memorandum,
789 1077 900 1121 comes
929 1050 1095 1122 Gerardus
1121 1049 1163 1121 de
1181 1050 1283 1124 Wide

255 1166 289 1234 in
308 1163 428 1234 milicie
447 1161 622 1232 dominum
639 1189 658 1232 a
674 1161 863 1232 Teutonicis
881 1163 1123 1238 communitet¹
1147 1160 1283 1257 eligitur.

44 1294 133 1353 v.,f.s.
144 1296 242 1351 νοω.
255 1274 300 1342 At
315 1270 368 1341 ille
387 1295 457 1341 non
475 1271 583 1340 minor
599 1269 723 1356 animo,
743 1294 843 1364 quam
861 1294 1001 1365 corpore
1017 1270 1103 1341 viros
1122 1271 1156 1339 ἀ
1168 1267 1284 1339 milites

255 1376 481 1450 strenuiffimos
490 1373 533 1447 ad
546 1374 693 1446 officium
706 1373 850 1471 predisle
865 1377 955 1446 navis
969 1374 1131 1448 ordinavit
1144 1373 1285 1473 singulos

257 1485 299 1557 ad
316 1486 390 1555 suos
406 1481 535 1555 labotes
553 1483 709 1581 sagaciter
726 1480 930 1577 deputando,
948 1482 1021 1577 post
1037 1482 1108 1573 hec,
1131 1484 1286 1553 oracione

256 1592 298 1664 ad
316 1593 499 1681 Dominum
522 1591 600 1679 fusa,
626 1592 661 1660 &
683 1588 726 1662 ad
743 1591 889 1662 Crucem
913 1590 1056 1660 sandiam
1082 1590 1286 1685 processione

257 1698 457 1772 devotiffime
473 1700 615 1793 pendia,
628 1697 719 1767 navis
737 1694 905 1767 christiana
921 1697 954 1764 in
972 1696 1103 1791 aspediu
1114 1711 1129 1744 2
1140 1695 1285 1768 terribilis

255 1805 312 1879 sed
329 1807 451 1878 decora
472 1803 525 1874 die
541 1805 630 1875 Beati
648 1803 800 1899 Apostoli
819 1801 1040 1874 Bartholomei
1064 1829 1140 1875 cum
1158 1828 1285 1902 magno
1298 1821 1357 1879 Auo
1371 1832 1408 1878 ²4·

255 1913 367 1986 labore
381 1911 425 1984 ad
440 1912 553 1982 turrim
566 1909 709 1981 trahitur.
728 1910 876 1980 Econtra
892 1912 1014 2008 pagani
1027 1909 1070 1982 ad
1083 1913 1196 1981 omnia
1213 1908 1285 1982 sub·

257 2020 385 2092 tiliffimi
416 2018 459 2090 ad
489 2015 719 2088 destruendum
749 2039 889 2112 pontem
916 2017 1084 2088 machinas
1111 2018 1285 2088 collocant.

47 2142 180 2204 Benna,
193 2152 243 2185 Μ·
257 2125 613 2222 Cumque3strudlura‚
634 2124 666 2192 in
692 2124 842 2193 Domino
868 2125 934 2193 iam
958 2126 1090 2220 iamque
1108 2124 1286 2219 triumpha·
1394 2165 1399 2177 κ

258 2262 339 2324 tura,
371 2232 415 2306 ad
437 2233 656 2303 summitatem
681 2233 772 2301 turris
798 2232 1157 2328 applicaretur‚4scala‚
1180 2230 1288 2302 cordis

260 2347 319 2417 suis
336 2365 513 2441 parumper
536 2338 659 2428 laxatis,
685 2339 761 2409 turri
783 2335 943 2410 demiffius
968 2339 1013 2409 est
1041 2336 1217 2435 suppressa,
1246 2338 1288 2409 de

259 2477 324 2548 qua
344 2447 499 2522 vexillifer
522 2443 612 2517 ducis
633 2446 769 2536 Austrie‚
786 2447 928 2542 primum
947 2446 1090 2541 aspirans
1107 2446 1288 2539 introitum,

260 2556 382 2628 decidit
397 2557 433 2625 δι
449 2552 492 2624 fic
505 2578 567 2649 pro
586 2552 679 2623 sociis
688 2551 731 2623 ad
749 2551 853 2622 silium
860 2552 1005 2649 Virginis
1023 2551 1226 2624 exorandum
1245 2555 1289 2624 ess

261 2661 442 2735 destinatus.
459 2663 530 2733 Nec
547 2688 653 2750 mora,
671 2660 836 2731 Sarraceni
857 2660 950 2755 super
968 2661 1093 2730 nostros
1111 2659 1236 2756 lapides
1254 2663 1288 2731 ἃ

261 2771 391 2868 sagittas
409 2770 519 2867 pluere
536 2767 590 2841 vin
608 2769 682 2838 sunt
697 2769 745 2855 δι,
762 2766 855 2863 quod
873 2767 1004 2865 gravius
1022 2768 1077 2858 est,
1093 2769 1206 2863 ignem
1224 2765 1289 2840 stne

263 2878 411 2949 mensura
437 2877 624 2972 proficiunt,
650 2872 693 2946 ad
706 2876 797 2944 cuius
813 2879 972 2945 attactum
989 2873 1072 2944 scala
1088 2872 1290 2971 impetuosis·

52 2994 217 3055 vaf-rusc-
230 3007 249 3039 1·
261 2982 338 3055 fime
359 2985 404 3055 est
423 2983 583 3055 succensa.
601 2982 699 3053 Nunc
722 2980 830 3073 dolor,
848 3007 939 3052 nunc
959 2981 1120 3079 planslus‚
1144 2982 1290 3078 ploratus

262 3094 296 3162 ἀ
313 3092 449 3163 ululatus
467 3117 487 3160 a
503 3091 616 3160 nostris
641 3091 684 3162 ad
711 3114 830 3161 terram
848 3114 921 3160 toto
948 3116 1098 3187 corpore,
1120 3088 1162 3160 ad
1180 3091 1291 3161 Deum

262 3198 332 3269 solo
351 3197 451 3268 corde
468 3195 606 3294 profufis
618 3209 630 3258 5
643 3198 687 3268 est
704 3193 843 3287 auditus,
855 3197 1037 3293 patriarcha
1051 3197 1157 3268 eciam
1182 3195 1289 3267 lhero-

262 3306 462 3377 solimitanus
480 3327 642 3373 coronam
655 3304 768 3400 capitis
785 3304 832 3374 sui
848 3303 1020 3375 harena&
1036 3303 1167 3401 pulvere
1184 3303 1290 3374 humi-

261 3410 334 3482 liter
350 3408 597 3511 conspergebat.

312 3519 347 3590 Et
359 3546 447 3610 ecce,
463 3521 546 3620 ignis
561 3517 741 3592 diabolicus
756 3544 815 3615 pet
826 3517 976 3590 lacrimas
990 3520 1145 3590 Sanctum
1158 3518 1291 3589 Bartho-

263 3623 409 3698 lomeum
427 3624 470 3697 stc
485 3627 718 3698 invocancium
735 3625 779 3696 est
797 3625 978 3695 exstintstus.
998 3623 1051 3695 Ad
1070 3650 1216 3722 pugnam
1233 3626 1292 3695 ita-

266 3758 330 3828 que
342 3733 398 3824 filij
410 3735 474 3806 Dei
484 3731 631 3822 redeunt,
642 3732 799 3804 lancea&
811 3729 943 3827 cuspide
956 3731 1107 3803 inimicos
1122 3730 1292 3821 invadunt,

265 3835 373 3936 sthue
398 3839 484 3911 haste
512 3865 570 3935 per
593 3840 731 3910 minima
755 3838 856 3909 stadie
884 3838 918 3907 in
939 3843 1013 3909 a'e'ra
1038 3863 1130 3909 more
1154 3837 1293 3909 telorum

266 3946 456 4018 volantium
468 3943 615 4018 resiliunt.
630 3942 684 4016 Ad
700 3945 863 4035 ultimum,
880 3943 961 4014 hora
973 3944 1182 4042 vesperorum
1197 3945 1293 4035 fasta,

305 4133 315 4165 r
332 4117 359 4166 V.
373 4114 485 4167 comiter.
496 4145 530 4153 —-
544 4116 595 4167 213.
602 4112 706 4182 supplet.
718 4143 752 4150 -
851 4112 910 4176 4V.
922 4111 1113 4181 applicarentur.
1128 4141 1162 4148 -
1176 4110 1222 4176 ςΒ.
1237 4126 1293 4178 pro·

271 4212 282 4258 3
300 4197 327 4246 V.
343 4194 469 4264 omnique.
815 4191 867 4243 fust.

1084 4301 1098 4350 ⁶
