3462 5110
526 383 577 436 us
603 385 761 439 stuvene
786 385 987 439 sntsouum.
1225 367 1267 442 61

240 605 380 702 scopulis
396 605 569 701 preclulus,
589 605 758 701 quandam
775 604 816 678 de
834 604 970 679 navibus
986 608 1100 679 nostris
1119 631 1188 679 non
1206 606 1271 680 fine
1287 639 1345 687 ιω

240 736 366 809 magno
378 711 524 808 periculo
537 715 673 809 recepit,
687 736 794 784 cetere
805 739 884 786 vero
893 737 981 786 extra
990 737 1125 810 portum
1134 714 1167 786 in
1177 715 1271 786 cons·

240 821 338 916 pediu
366 818 578 915 scopulorum
607 818 757 891 anchoris
786 813 882 890 miffis
907 822 943 890 in
971 821 1117 918 angustia
1145 822 1271 918 spiritus

241 930 375 998 nollem
393 947 578 1023 exegerunt.
596 926 693 997 Mane
712 951 823 997 autem
842 927 930 998 fadlo
943 928 1046 1001 ventis
1063 924 1272 1002 suadentibus

159 1065 180 1097 c.
190 1061 229 1108 ιγ.
241 1033 358 1103 iterum
396 1033 457 1103 iter
484 1054 725 1127 attemptantes,
752 1032 807 1104 sed
838 1057 920 1106 voto
950 1032 1101 1124 fraudati,
1138 1059 1273 1130 portum

241 1137 338 1209 Silere
350 1139 550 1228 intravimus,
567 1137 622 1209 ubi
632 1141 666 1210 in
681 1140 818 1238 grangia
833 1141 943 1236 portui
954 1139 1105 1236 proxima
1117 1137 1272 1212 abbatem

241 1242 283 1316 de
300 1243 447 1316 Alcubaz
471 1243 594 1316 ordinis
615 1243 831 1317 Cistercienfis
849 1248 1065 1326 ¹invenimus.
1093 1247 1124 1315 Α
1144 1271 1212 1341 quo
1230 1245 1272 1318 de

240 1350 297 1422 fim
315 1375 397 1424 terre
414 1355 449 1422 δι
466 1375 624 1449 portuum
645 1349 835 1422 difficultate
862 1353 964 1423 multa
979 1351 1171 1424 audivimus.
1202 1353 1273 1450 Qui

239 1461 339 1530 etiam
360 1457 445 1529 inter
466 1481 573 1530 cetera
597 1457 693 1530 nobis
716 1459 834 1550 retulit,
866 1459 1001 1554 qualiter
1022 1459 1172 1556 magister
1188 1460 1272 1556 regis

240 1564 281 1636 de
298 1564 434 1636 Maroch
459 1563 502 1636 ad
528 1563 630 1636 fidem
658 1565 802 1636 nostram
826 1567 1000 1638 conversus
1023 1564 1136 1662 palam
1158 1591 1272 1636 coram

238 1697 316 1770 rege
333 1669 524 1769 predicavit,
542 1697 682 1769 regnum
702 1669 796 1768 ipfius
811 1671 912 1743 finem
929 1670 1116 1743 habiturum
1134 1674 1170 1743 in
1192 1699 1272 1769 pro·

237 1781 337 1850 ximo.
366 1779 447 1876 Quo
465 1778 507 1849 ad
524 1775 642 1850 iulium
658 1780 742 1877 regis
754 1780 938 1870 interfecio,
953 1778 1038 1850 filius
1058 1780 1124 1850 eius
1146 1780 1181 1848 in
1198 1779 1271 1876 lege

239 1884 439 1958 doclilfimus
463 1884 567 1956 fidem
588 1885 792 1956 christianam
808 1883 939 1982 publice
957 1882 1128 1982 profeffus,
1157 1909 1272 1956 contra

237 1992 348 2088 legem
372 1993 457 2090 regis
487 1990 728 2088 prudentiffime
760 1990 934 2088 disputavit
958 1995 993 2062 &
1017 1990 1059 2062 de
1083 1991 1150 2062 fine
1178 1994 1272 2089 regni

238 2097 333 2196 ipfius
347 2125 386 2169 ex
399 2098 491 2169 dictis
503 2113 517 2146 ²
529 2099 765 2195 prophetarum
780 2096 987 2194 probabilem
1000 2098 1133 2194 collegit
1146 2099 1271 2169 senten·

217 2203 219 2208 ’
240 2206 401 2302 riam3qui
412 2205 553 2279 secunda
565 2204 617 2276 die
628 2205 716 2276 mille
725 2205 844 2300 lanceis
853 2201 1021 2274 confoffus
1033 2205 1161 2274 interiit.
1169 2205 1271 2276 Cuius

181 2319 183 2322 ’
241 2339 296 2384 rex
314 2337 432 2408 corpus
460 2337 537 2382 cum
562 2314 596 2382 in
613 2310 788 2382 immundo
804 2311 882 2381 loco
904 2311 1010 2407 proici
1028 2308 1163 2400 iuberet,
1194 2312 1270 2382 Deo

239 2420 371 2492 volente
401 2417 489 2488 nulla
512 2441 643 2515 poterat
671 2443 739 2488 arte
762 2416 897 2488 moveri.
928 2417 1009 2514 Quo
1035 2416 1195 2487 miraculo
1216 2443 1272 2488 rex

240 2525 399 2614 confusus,
425 2523 585 2594 christiani
609 2519 755 2594 roborati
780 2525 814 2594 in
838 2547 977 2613 tantum,
1006 2546 1042 2593 ut
1066 2519 1108 2593 ab
1134 2520 1191 2592 illo
1217 2521 1271 2594 die

239 2631 370 2728 publice
388 2629 496 2702 millas
521 2628 731 2718 celebrarent,
757 2632 792 2700 ἃ
816 2628 963 2700 ecclefias
991 2629 1213 2700 construerent
1236 2631 1270 2701 in

239 2741 368 2810 civitate
384 2736 530 2808 Maroch.
557 2737 628 2807 Hiis
653 2738 751 2834 igitur
779 2737 977 2833 &plurimis
999 2735 1041 2808 ab
1070 2761 1111 2806 eo
1142 2734 1269 2828 auditis,

238 2871 372 2943 portum
389 2844 485 2916 Silere
505 2845 641 2914 mercia
655 2844 733 2914 feria
757 2844 831 2940 post
855 2843 970 2914 festum
987 2842 1164 2914 Alexandri
1186 2869 1269 2915 mar·
1282 2866 1371 2912 tutu.

238 2954 314 3044 tyris
335 2952 530 3048 linquentes,
554 2951 641 3022 sexta
658 2950 737 3020 feria
758 2951 908 3045 proxima
925 2949 1138 3023 Ulixibonam
1155 2976 1270 3047 perve-
1284 2978 1326 3024 uu.
1340 2991 1374 3038 14

238 3062 356 3130 nimus.
373 3061 424 3128 De
442 3058 532 3128 cuius
543 3055 599 3129 fitu
617 3055 761 3152 quedam
774 3080 909 3152 propter
925 3057 1107 3148 utilitatem,
1126 3056 1270 3152 quedam

237 3189 373 3263 propter
395 3164 648 3236 deledlationem
676 3164 885 3236 anneclimus.
915 3163 962 3234 Est
980 3165 1077 3260 igitur
1094 3163 1271 3236 Ulixibona

238 3275 350 3346 civitas
361 3272 528 3368 Hispanie,
547 3272 704 3343 terminus
720 3270 869 3370 gentium
887 3272 921 3341 ἃ
938 3267 1079 3362 ecclefie,
1094 3270 1155 3340 ritu
1170 3274 1270 3343 veteri

238 3378 295 3451 fita
307 3382 343 3452 in
361 3401 487 3468 monte,
501 3375 542 3448 ab
557 3377 651 3451 Ulixe
666 3377 838 3448 &Achille
853 3376 1000 3463 condita,
1020 3374 1112 3474 quod
1126 3374 1270 3473 probant

238 3488 372 3582 antiqua
381 3483 522 3574 edificia,
529 3485 646 3554 Turres
660 3507 782 3556 veteres
795 3483 972 3579 appellata,
986 3486 1020 3554 δι
1031 3508 1135 3580 pagus
1143 3485 1269 3556 vicinus

238 3593 361 3665 Achele
377 3616 512 3664 vocatus
534 3590 576 3664 ab
593 3591 729 3662 Achille.
760 3592 872 3686 Caput
894 3615 1005 3662 autem
1022 3592 1158 3662 civitatis
1174 3591 1269 3688 ipfius

238 3700 397 3772 circulum
410 3698 550 3794 implens
565 3723 660 3768 muro
673 3701 708 3768 &
721 3695 860 3769 turribus
873 3697 956 3788 altis,
976 3697 1131 3768 verticem
1148 3701 1269 3772 montis

237 3806 372 3906 pulchre
385 3830 535 3895 coronat,
553 3801 608 3876 ubi
619 3805 663 3876 est
675 3804 795 3877 domus
810 3805 1003 3902 episcopalis
1016 3808 1051 3875 &
1063 3803 1163 3877 ledes.
1182 3806 1268 3876 Cor·

275 4065 329 4114 rA.
344 4059 508 4114 Sistetciensrs.
525 4089 560 4100 -
578 4079 637 4114 aex
650 4061 720 4116 distis
821 4079 833 4124 3
853 4061 1002 4128 Sequebatur
1029 4059 1186 4124 intravimus,
1204 4059 1266 4112 dele·

237 4141 417 4216 bissecurrdum
428 4140 531 4200 deletum
542 4141 568 4196 iu
581 4144 609 4200 A.
784 4151 833 4200 tum
845 4140 871 4197 in
883 4143 914 4199 A.
