3466 5110
256 1350 277 1448 ,¹
348 1336 370 1407 T
415 1332 461 1421 33
513 1355 740 1444 OSTQUAM
751 1357 902 1440 Leopoldus
919 1359 952 1420 de
965 1357 1067 1421 Ranke
1081 1359 1115 1420 fid
1135 1356 1281 1422 Henricus

260 1452 297 1477 *
485 1448 490 1471 ¹
513 1457 605 1520 Pertz
620 1457 727 1520 rationo
738 1457 772 1518 &
786 1455 905 1538 exemplo
917 1455 1006 1539 primi
1017 1457 1178 1536 docuerunt,
1185 1459 1281 1540 sontes

259 1538 306 1649 s)
358 1536 369 1563 ⁸
512 1553 652 1637 historicos
665 1554 765 1622 critica
780 1551 939 1640 subtilitate
952 1555 1075 1618 trottori
1091 1555 1194 1638 neceffc
1217 1555 1281 1640 effe,

261 1686 305 1717 m
351 1676 380 1737 ζ
433 1652 495 1723 55·
514 1652 638 1715 nonnulli
661 1674 765 1734 quoque
788 1651 850 1714 uiri
873 1653 951 1731 tort,
975 1675 1092 1734 quorum
1115 1655 1144 1714 in
1168 1677 1281 1716 numero

265 1754 323 1813 ἵν»,
344 1738 463 1805 ›ei’ffi
485 1742 488 1759 ’
513 1749 635 1812 habendi
663 1749 758 1836 sunt:
784 1749 874 1832 Sybel,
909 1749 1120 1834 Hagenmeycr,
1157 1749 1280 1831 Tburot,

180 1850 183 1855 ’
253 1849 358 1936 Jaffb,
385 1849 504 1932 Kugler,
528 1849 646 1937 Kosocl,
671 1846 884 1926 Mos-Latrie,
909 1846 1003 1927 Streit,
1016 1847 1146 1927 Riculcr,
1169 1849 1216 1912 W
1213 1851 1280 1932 oilly

250 1948 285 2010 δέ
292 1948 573 2034 Riant,nssiterunt,
584 1949 632 2029 qui
650 1947 814 2029 defontibus
838 1946 970 2008 bellorum
981 1945 1139 2034 sacrorum
1157 1950 1193 2010 ab
1208 1971 1281 2011 anno
1383 2011 1386 2018 Δ

247 2043 386 2111 MXCV
402 2047 486 2134 sesque
510 2047 551 2109 od
569 2069 674 2108 annum
692 2042 822 2109 MCCV
833 2043 1030 2132 susceptorum
1049 2044 1146 2107 critica
1160 2061 1223 2109 arte
1237 2046 1282 2132 uſs

251 2143 426 2228 differercnt.
440 2143 541 2228 Quum
555 2158 646 2205 tamon
659 2141 749 2206 adbuc
763 2144 891 2224 restaret,
906 2155 938 2203 ut
953 2142 986 2203 dc
1000 2141 1106 2225 Quinti
1120 2143 1183 2205 belli
1193 2145 1281 2233 sacri

241 2242 372 2325 sontibus
386 2243 479 2304 eadem
503 2241 611 2304 ratione
630 2253 772 2322 ageretur,
789 2240 875 2302 editor
896 2238 1061 2324 libentifflmc
1082 2238 1128 2302 boc
1145 2244 1279 2324 negotium

248 2338 376 2426 suscepit,
387 2339 549 2428 presertim
561 2361 644 2421 quum
656 2337 808 2400 Societate
824 2334 1003 2399 illustrandis
1020 2336 1160 2401 Orientis
1175 2335 1279 2400 Latini

249 2435 468 2514 monumentis,
486 2449 519 2496 ut
530 2434 601 2497 banc
619 2448 730 2516 operam
737 2433 861 2521 subiret,
874 2433 1047 2494 commonitus
1061 2435 1133 2520 offet.

287 2531 465 2616 ⁹Quanquam
480 2532 526 2594 boc
548 2547 627 2615 opere
641 2530 769 2613 Oliuerp'
782 2530 937 2614 Sebelaslici
950 2529 1083 2593 Historia
1102 2529 1280 2593 Damiatina

248 2631 282 2692 &
306 2631 430 2693 nonnulli
449 2631 502 2713 “ll
510 2631 607 2715 fontes
621 2630 800 2713 principales,
820 2653 920 2692 necnon
942 2629 1081 2708 carmina,
1101 2628 1130 2690 in
1151 2628 1279 2691 uolumen

250 2728 333 2790 aliud
341 2727 531 2814 reservanda,
542 2729 645 2791 anobis
656 2725 874 2812 omittendafint,
885 2727 919 2788 &
931 2727 1064 2790 minores
1074 2728 1280 2812 tantumfontes

249 2825 355 2905 edendi,
366 2827 478 2914 summa
494 2840 586 2889 tamon
599 2827 633 2888 ui
646 2841 759 2908 oporam
773 2825 844 2887 darc
862 2824 936 2886 nobis
949 2825 1279 2911 neceffesuit,utomnem

240 2924 352 3009 stlvom
376 2947 485 3003 rerum,
510 2923 653 2986 relationes
676 2923 802 3001 minores,
825 2921 976 3005 testimonia
998 2923 1118 3002 minora,
1146 2923 1189 3006 epi
1213 2924 1279 3004 olas,

251 3021 351 3101 bullas,
362 3021 478 3084 cbartas
489 3024 523 3084 ὅ
537 3022 698 3085 documento
708 3021 799 3084 uaria
808 3043 1013 3104 congereremus
1024 3021 1058 3082 &
1068 3021 1279 3108 disponeremus,

250 3121 377 3201 equibus
396 3119 443 3182 boc
469 3134 536 3181 tomo
556 3121 584 3181 in
604 3120 690 3182 lucem
705 3121 847 3203 prodeunt
852 3119 1007 3207 scriptores
1025 3120 1138 3203 quidam
1152 3122 1279 3200 minores,

249 3219 402 3281 maximam
412 3232 526 3301 partcm
541 3217 632 3280 adbuc
644 3217 746 3280 inediti.

754 3409 765 3476 1

323 3591 512 3649 ORDINACIO
525 3591 574 3646 DE
587 3590 835 3648 PREDICACIONE
846 3594 870 3644 S.
885 3592 926 3646 CR
932 3591 1004 3646 UClS
1013 3589 1056 3645 IN
1067 3589 1205 3644 ANGLIA.

290 3723 421 3793 Primum
448 3732 536 3814 igitur
551 3733 727 3821 scriptorum
750 3731 887 3795 minorum
907 3731 995 3794 locum
1009 3730 1120 3820 obtinet
1141 3737 1278 3792 trab'o'otus

252 3830 376 3912 quidam,
395 3835 442 3917 qui
457 3834 643 3922 inscribitur:
658 3831 829 3900 Ordinatio
845 3835 883 3896 de
898 3832 1112 3917 predicacione
1123 3830 1152 3894 S.
1167 3830 1278 3894 Crucis

250 3929 281 3993 in
293 3927 407 4014 Anglia
421 3931 455 3994 δέ
468 3932 496 3994 in
511 3933 644 3995 codicibus
659 3931 855 4016 Oxonicnfibus
868 3933 957 4017 cissat
968 3929 1092 4009 duobus.-

292 4028 457 4113 Perpoucas
471 4030 604 4094 orationes
624 4029 722 4094 Crucis
736 4031 967 4117 praedicatorum,
980 4052 1098 4112 quorum
1115 4028 1145 4090 in
1164 4045 1278 4090 numero

248 4147 381 4190 vocamus
394 4151 449 4207 eas,
464 4151 526 4214 quae
545 4131 582 4192 ab
601 4128 720 4198 Urbano
734 4127 869 4216 Ilpapa,
887 4126 1005 4215 episcopo
1019 4124 1178 4212 Oportcnst,
1191 4124 1276 4192 Hon-
