3462 5110
412 338 458 418 80
862 352 988 408 nasta

327 599 385 646 1218
411 605 479 653 tem
491 605 547 651 eos
561 579 719 675 persecuti
735 579 876 649 fuerunt.
894 576 988 648 Multi
1000 602 1078 650 vero
1094 603 1133 648 ex
1144 576 1216 670 illis,
1231 577 1288 673 qui
1300 599 1441 672 pontem

410 711 547 786 propter
573 684 816 758 multitudinem
844 682 972 757 transire
1000 710 1069 755 non
1096 707 1284 780 potuerunt,
1310 685 1343 754 in
1369 683 1440 779 ipso

410 795 511 868 fluvio
531 795 653 864 mortui
670 797 703 863 ὅ(
718 790 873 864 'submersi
897 794 979 884 lunt,
998 793 1117 889 Pagani
1129 795 1164 862 ἃ
1178 793 1352 863 Sarraceni.
1370 790 1441 885 Qui

411 929 451 974 ex
472 903 535 974 alia
554 904 665 1001 pontis
686 925 779 998 parte
801 900 947 990 aderant,
974 901 1135 990 timentes,
1164 926 1206 970 ne
1230 921 1369 994 pontem
1384 921 1442 992 pet

411 1013 478 1082 vim
496 1008 673 1096 transirent,
693 1010 797 1080 nimio
812 1033 932 1079 terrore
946 1021 955 1054 ¹
971 1008 1069 1078 territi
1084 1032 1223 1102 pontem
1235 1006 1327 1076 illum
1338 1006 1440 1103 frege-

411 1143 485 1189 runt
501 1121 535 1188 &
551 1119 586 1187 in
603 1115 713 1188 fluvio
725 1114 898 1186 diruerunt.
929 1111 1052 1186 Revetfi
1080 1115 1151 1184 sunt
1171 1140 1316 1210 namque
1333 1112 1440 1184 Chris·
1454 1113 1480 1158 Ρ·
1493 1110 1510 1158 f·
1525 1125 1572 1172 ¹⁰9
1585 1113 1618 1157 0·

411 1225 491 1296 tiani
508 1223 550 1295 ad
569 1225 668 1295 castra
684 1223 853 1295 laudantes
871 1226 905 1292 ἃ
923 1220 1153 1293 benedicentes
1172 1223 1366 1292 Dominum.

250 1349 363 1395 Novemb·
375 1349 397 1394 ⁶-
459 1331 498 1402 X.
522 1333 630 1402 Mense
645 1357 724 1403 vero
736 1329 1120 1402 Novembris²venientis
1132 1327 1281 1424 quodam
1294 1327 1346 1399 die
1360 1325 1441 1397 eius-

412 1437 488 1509 dem
507 1435 622 1508 menfis
648 1437 807 1533 templarii
831 1437 958 1528 milites,
973 1438 1006 1506 in
1025 1435 1169 1531 quadam
1187 1461 1302 1506 eorum
1324 1447 1430 1504 coca³

411 1545 577 1636 intrantes,
604 1541 740 1616 fluvium
769 1541 899 1615 transire
921 1543 1078 1632 volentes,
1104 1566 1139 1612 ut
1161 1541 1391 1613 detrimentum
1408 1543 1442 1610 &

412 1650 596 1748 dampnum
614 1653 747 1749 Paganis
765 1653 953 1722 &inimicis
971 1653 1086 1720 eorum
1105 1649 1221 1720 inferre
1235 1647 1376 1744 pollent,
1394 1649 1442 1718 l'u-

410 1756 480 1830 bito
501 1784 616 1832 ventus
633 1759 758 1832 validus
776 1759 879 1854 ipsam
896 1771 1126 1828 cocam4ante
1137 1758 1275 1829 civitatis
1291 1759 1443 1828 Damiate

413 1891 523 1936 muros
536 1867 683 1962 proiecit.
702 1867 783 1961 Quo
799 1866 948 1962 cognit0,
962 1865 1049 1934 illico
1062 1866 1239 1955 Sarraceni,
1257 1890 1334 1934 cum
1344 1863 1443 1962 galeis

412 1969 582 2044 &banchis
591 1997 764 2061 currentes,
778 1971 851 2042 illos
861 1970 1006 2066 undique
1022 1970 1309 2042 circumdederunt
1321 1974 1356 2042 ἃ
1367 1997 1443 2041 cum

413 2081 458 2150 eis
482 2079 663 2178 graviffime
681 2103 920 2177 pugnaverunt.
942 2077 1116 2149 Christiani
1134 2102 1244 2149 autem
1264 2081 1396 2177 egregie
1411 2079 1444 2148 se

414 2184 628 2258 defendentes
645 2187 766 2257 multos
786 2213 826 2257 ex
844 2187 888 2256 eis
909 2185 1149 2257 interfecerunt.
1173 2184 1237 2257 Sed
1253 2211 1330 2258 cum
1347 2184 1444 2259 vidis-

406 2293 494 2384 sent,
523 2292 616 2389 quod
639 2293 703 2365 des
721 2290 871 2364 manibus
890 2319 1005 2363 eorum
1032 2291 1170 2366 evadere
1187 2293 1281 2364 non⁶
1302 2292 1445 2389 pollent,

414 2404 548 2496 padlum
571 2401 778 2471 Christiania
795 2402 975 2471 Sarracenis
993 2402 1164 2495 petierunt.
1188 2401 1354 2472 Sarraceni
1367 2428 1445 2474 veto

414 2509 537 2578 interea
553 2531 686 2578 centum
704 2506 745 2578 de
759 2505 984 2578 maioribus&
998 2506 1198 2600 melioribus,
1217 2511 1273 2604 qui
1286 2506 1331 2578 ibi
1343 2531 1445 2598 erant,

415 2613 447 2682 in
463 2613 722 2685 Christianorum
739 2639 822 2683 coca
838 2613 1061 2686 ascenderunt.
1079 2615 1238 2686 Videntes
1255 2615 1321 2685 hoc
1337 2614 1445 2685 Chris·

417 2721 494 2791 tiani
511 2721 640 2812 milites,
658 2718 754 2792 valde
769 2721 843 2792 sunt
860 2718 989 2811 turbati,
1006 2746 1230 2793 verumtamen
1248 2722 1320 2792 sunt
1338 2747 1444 2792 recor-

416 2824 483 2898 dati
509 2825 599 2900 verbi
624 2829 774 2899 Sanlonis
801 2826 962 2898 dicentes:
995 2832 1106 2901 Omnes
1132 2831 1247 2926 infimul
1273 2819 1446 2919 moriamur,

416 2941 564 3005 moriatur
574 2936 740 3030 sanson&
750 2943 915 3004 moriuntur
924 2963 1024 3005 omnes
1040 2942 1158 3029 inimici
1170 2942 1252 3006 eius!
1260 2936 1332 3028 (Cf.
1345 2936 1445 3028 ludd,

416 3059 493 3129 XVI,
513 3043 597 3133 20.)
620 3041 653 3112 Et
670 3042 777 3112 statim
794 3066 912 3111 coeam
924 3055 936 3100 7
947 3043 1079 3112 inferius
1096 3042 1270 3140 fregerunt,
1290 3047 1326 3114 ἃ
1342 3045 1445 3115 Sarta-
1503 3104 1506 3111 .

417 3148 490 3218 ceni
516 3171 644 3238 omnes,
678 3149 791 3242 quiin
816 3175 855 3218 ea
880 3173 982 3239 erant,
1014 3151 1047 3218 in
1075 3176 1162 3245 aqua
1188 3152 1261 3220 l'unt
1285 3146 1445 3222 submersi.

418 3253 593 3324 Christiani
610 3255 730 3341 vet0,8
751 3256 785 3324 in
809 3253 953 3350 quadam
974 3255 1119 3352 galea&
1138 3255 1235 3338 barca
1252 3259 1446 3329 Sarraceno-

418 3385 490 3430 rum
514 3361 680 3448 intrantes,
708 3357 844 3433 fluvium
864 3363 1003 3434 Domini
1024 3363 1141 3434 virtute
1166 3362 1363 3436 transierunt.
1388 3364 1446 3434 Vi·
1462 3381 1498 3426 M.
1511 3380 1528 3425 f.
1541 3382 1575 3426 62
1588 3383 1619 3427 c.

418 3464 498 3536 dens
532 3491 643 3538 autem
675 3465 840 3558 soldanus,
880 3467 972 3563 quod
1007 3471 1171 3540 Dominus
1203 3472 1309 3542 noster
1345 3470 1447 3541 lhesus

418 3573 587 3646 crucifixus
607 3599 685 3645 tunc
710 3601 772 3671 pro
794 3575 985 3648 Christianis
1002 3578 1172 3675 pugnavit,
1201 3579 1306 3648 nimio
1327 3602 1447 3648 terrore

459 3851 468 3883 1
491 3835 571 3886 Rom.
587 3861 620 3872 -
637 3832 691 3883 21³.
706 3831 854 3882 Novembri.
871 3849 928 3894 -3
946 3831 969 3882 P.
985 3847 1064 3882 conca
1076 3841 1104 3882 ut
1114 3829 1268 3898 irfferius.—
1290 3833 1350 3892 4P.
1365 3832 1446 3902 suppl.

418 3910 519 3963 scilicet.
542 3942 575 3950 —
600 3931 612 3978 5
627 3913 652 3963 Ρ.
666 3929 689 3962 a.
706 3941 741 3950 -
756 3916 770 3962 6
785 3913 822 3962 M.
836 3929 882 3962 om.
897 3927 956 3960 non,
970 3940 1006 3947 -
1020 3927 1033 3971 7
1047 3912 1085 3961 M.
1099 3908 1144 3977 leg.
1171 3912 1206 3961 Et
1221 3909 1300 3960 statim
1313 3911 1448 3974 sarrraceni,

420 3990 463 4059 qui
476 3990 500 4043 in
513 4008 572 4043 cota
585 3991 698 4055 aderant,
720 4008 807 4042 omnes
825 3991 926 4042 inferius
941 4007 996 4041 eam
1009 3989 1145 4058 fregerunt.
1164 4020 1199 4027 -
1221 3995 1234 4040 8
1257 3991 1297 4040 Μ.
1320 3993 1382 4041 add.
1406 3989 1448 4060 qui

419 4071 444 4122 in
457 4071 523 4124 dieta
538 4083 615 4124 erant.
