3466 5110
465 336 772 392 CRUCIGERORUM
798 335 1081 389 RHENANORUM.
1237 337 1284 416 45

576 455 683 467 -ο

49 582 81 640 n,
92 598 112 642 p.
124 593 178 639 232,
188 594 209 626 c.
222 591 243 626 r.
257 555 473 646 attendentes,
490 557 609 653 ripam,
625 550 721 626 nobis
736 551 934 652 oppositam,
954 551 1076 625 fossatis
1089 554 1287 652 &argillosa
1302 581 1361 628 ¹219

258 663 393 736 materia
419 689 496 734 cum
512 661 770 760 propugnaculis
785 661 902 759 ligneis
919 660 988 732 altis
1004 663 1200 752 munierunt,
1218 688 1286 732 ma-

258 772 369 843 chinas
380 771 575 867 &petrarias
587 766 712 840 ibidem
724 767 880 859 locantes,
890 793 947 864 per
959 767 1072 839 locum
1084 768 1176 839 illum
1188 769 1286 839 trans-

257 878 357 950 eundi
370 879 461 974 spem
474 875 570 947 nobis
587 876 712 947 auferre
724 873 911 972 gestiebant.
930 875 1067 945 Acasali
1086 901 1176 966 ver0,
1194 873 1287 970 quod

256 985 397 1056 miliario
415 984 482 1054 fere
499 981 593 1055 distat
610 1009 630 1053 a
647 983 787 1070 civitate,
806 980 862 1052 ubi
878 981 939 1052 hec
953 1007 1042 1054 nova
1058 983 1204 1052 municio
1226 983 1288 1053 im-

50 1111 113 1170 v.‚f.
122 1113 135 1158 s
145 1108 211 1168 νῆα
220 1121 242 1157 r.
258 1090 452 1182 minabatur,
471 1118 529 1188 per
541 1089 754 1162 transverlirm
763 1087 906 1160 fluminis
920 1091 1053 1160 navium
1066 1087 1287 1196 immersiones

257 1201 403 1272 fecerunt
420 1224 496 1269 cum
512 1196 594 1293 palis
610 1195 715 1267 infixis
732 1197 863 1294 gurgiti.

303 1304 577 1402 Apostolicevero
587 1302 669 1374 sedis
677 1304 815 1400 legatus,
828 1299 1021 1373 desiderium
1030 1299 1152 1374 habens
1159 1300 1287 1374 bonum

257 1411 428 1485 obfidendi
437 1412 611 1501 civitatem,
625 1436 734 1500 naves,
748 1410 890 1506 superius
902 1432 1133 1508 congregatas,
1151 1407 1288 1507 urgebat

256 1519 300 1592 ad
319 1516 495 1591 transitum.
517 1514 614 1590 Unde
627 1542 799 1615 coggones
817 1516 1125 1614 propugnaculis&
1143 1517 1287 1611 castellis,

256 1627 332 1698 viris
349 1625 453 1696 eciam
478 1625 608 1694 armatis
628 1625 756 1714 muniti,
771 1637 780 1669 ¹
794 1623 895 1721 galeis
913 1621 1048 1695 navibus
1068 1624 1301 1720 sequentibus,

258 1733 414 1806 Christo²
433 1730 527 1818 duce,
548 1756 607 1826 per
627 1731 745 1827 scripta
763 1731 907 1826 pericula
922 1732 957 1801 in
974 1728 1158 1802 transrone³
1179 1734 1287 1805 evase-

258 1863 343 1929 runt,
359 1839 465 1910 hostes
482 1862 601 1928 autem,
620 1836 815 1907 dissimulato
834 1860 934 1927 metu,
952 1861 1015 1908 tres
1032 1836 1163 1910 ordines
1181 1865 1287 1910 arma·

259 1972 368 2019 torum
386 1946 520 2016 stacioni
537 1946 670 2016 navium
691 1944 872 2014 nostrarum
890 1945 1156 2040 composuerunt.
1177 1947 1287 2019 Unam
1357 1971 1360 1977 ·

259 2053 409 2151 peditum
432 2053 525 2147 super
549 2052 655 2148 ripam
672 2077 749 2122 cum
766 2049 887 2145 clipeis,
912 2075 995 2145 quos
1021 2050 1156 2121 tarchias
1175 2053 1287 2148 appel·

256 2160 334 2253 lant,
352 2160 540 2232 linearitet4
551 2158 756 2248 ordinarunt,
782 2156 960 2228 secundam
976 2159 1049 2254 post
1066 2157 1199 2229 dorsum
1215 2160 1287 2229 illo·

256 2296 329 2340 rum
336 2266 473 2340 similem
480 2268 591 2364 priori,
602 2267 735 2337 terciam
748 2267 897 2361 equitum
905 2264 1043 2363 longam
1057 2268 1092 2336 &
1100 2264 1286 2354 terribilem,

255 2374 371 2447 ictibus
389 2374 542 2472 lapidum
567 2378 601 2445 ὅ(
623 2374 764 2445 telorum
786 2373 980 2463 venancium
997 2373 1176 2443 stacionem
1193 2372 1288 2442 chris-

257 2483 431 2554 tianorum.
451 2484 534 2553 Sane
547 2483 580 2553 in
599 2481 679 2552 sesto
697 2482 814 2552 Sancle
829 2479 971 2577 Agathe,
990 2505 1067 2549 cum
1084 2477 1287 2550 coadunatus
1300 2491 1364 2553 seir.
1373 2519 1395 2568 ς.

258 2587 335 2660 esset
348 2588 492 2685 populus
509 2587 667 2678 fidelium,
695 2589 751 2683 qui
769 2587 821 2658 die
841 2588 988 2683 sequenti
1007 2612 1075 2657 erat
1092 2584 1286 2676 transiturus,

258 2696 366 2792 pluvie
392 2697 532 2767 &venti
553 2695 694 2765 multum
718 2692 908 2765 discriminis
934 2694 1048 2764 nostris
1069 2693 1289 2787 contulerunt,

257 2803 312 2874 sed
328 2805 401 2900 pius
420 2805 521 2894 Deus,
539 2803 709 2898 respiciens
731 2799 775 2872 ad
793 2802 893 2872 castra
908 2802 1052 2892 suorum,
1070 2799 1162 2897 quod
1175 2802 1289 2873 secun·
1337 2799 1338 2802 '

53 2927 113 2990 Bn-
122 2941 178 2988 232,
191 2943 211 2972 c·
223 2941 245 2972 2·
258 2909 338 2981 dum
352 2911 460 2980 causas
476 2910 643 2980 inferiores
659 2907 791 2980 difficile
808 2906 988 2998 videbatur,
1005 2908 1198 2980 facillimum
1212 2908 1288 2980 esse-

53 3043 90 3100 v.,
103 3042 188 3099 f.8v⁰,
197 3056 244 3088 ai.
257 3019 311 3105 cit,
328 3017 382 3087 sue
394 3017 518 3089 virtutis
531 3018 692 3088 innovans
705 3016 871 3087 miracula.
890 3016 960 3086 Post
973 3015 1117 3087 mediam
1131 3013 1289 3109 siquidem

256 3128 391 3196 noctem
408 3147 536 3194 tantum
557 3148 715 3218 pavorem
737 3121 875 3194 soldano
894 3119 1068 3214 Babylonis
1094 3125 1128 3192 ὅ(
1154 3125 1288 3195 catervis

256 3231 321 3302 eius
338 3230 473 3322 inculsit,
491 3253 537 3322 ut,
554 3229 669 3302 relictis
687 3230 805 3322 castris,
824 3229 965 3326 Egyptiis
984 3227 1252 3328 [ignorantibus],
1275 3244 1287 3291 5

256 3359 340 3430 quos
357 3332 401 3405 ad
417 3335 626 3408 resistendum
643 3336 863 3428 ordinaverat,
884 3339 919 3407 in
935 3337 1004 3408 sola
1023 3338 1102 3433 suga
1118 3337 1210 3432 spem
1227 3362 1288 3434 po·

254 3468 354 3514 neret.
376 3443 525 3541 Quidam
542 3469 653 3516 autem
666 3445 824 3542 apostata,
847 3446 914 3541 qui,
932 3445 1037 3515 multo
1055 3444 1122 3514 iam
1140 3468 1290 3539 tempore

256 3548 460 3622 christianam
471 3552 581 3650 legem
597 3548 815 3651 transgressus
833 3551 970 3623 soldano
990 3551 1191 3642 militaverat,
1205 3551 1289 3622 stans

255 3657 290 3725 in
308 3658 377 3754 ripa
396 3658 512 3756 gallice
529 3656 716 3732 clamabat:

306 3764 418 3861 Qrate
444 3768 642 3838 moramini?
661 3765 754 3864 Quid
771 3765 960 3864 trepidatis?
980 3764 1073 3864 Qud
1087 3765 1252 3840 hesitatis?
1275 3773 1289 3818 ⁶

294 3907 305 3940 r
324 3889 353 3940 V.
362 3891 423 3942 &R
434 3889 544 3943 munitis.
553 3910 613 3942 —2
628 3891 743 3944 nemis-
804 3891 963 3957 Damiatina,
973 3900 998 3961 p.
1009 3897 1082 3954 1408.
1092 3897 1148 3946 -6
1160 3893 1289 3962 Corrigen-

255 3969 332 4022 tiano.
349 4000 384 4008 —
403 3987 416 4034 3
432 3972 461 4023 V.
473 3972 502 4022 ὅ
515 3973 544 4024 B.
561 3971 585 4023 in
599 3971 742 4024 tranfiones.
805 3973 864 4024 dum
881 3971 987 4025 videno
1001 3989 1014 4022 e
1026 3981 1095 4025 textu
1109 3972 1230 4042 uliverij,
1244 3982 1290 4042 pro

256 4079 289 4089 -
302 4067 320 4114 4
334 4050 362 4101 V.
376 4049 446 4120 ligne
459 4062 543 4104 autem
554 4077 562 4118 ς
574 4052 600 4104 B.
615 4051 742 4104 lineariter.
806 4051 910 4120 esuritis,
922 4053 987 4122 quod
998 4051 1088 4104 codices
1098 4054 1213 4123 praebent.

257 4157 290 4171 -
301 4146 313 4196 5
325 4129 462 4200 Supplemus
470 4148 504 4187 ex
513 4129 627 4203 Oliverij
636 4130 744 4200 Pbstoria
