3462 5110
531 376 581 428 ou
607 374 767 428 mutua
792 374 992 444 rnrsouuur.
1227 355 1272 454 63

248 599 435 698 allegantes,
472 596 552 670 illud
577 599 742 695 precipue,
768 596 862 693 quod
894 595 1037 668 domnus
1069 601 1274 672 Innocentius
1289 622 1347 671 ¹2¹7

249 709 284 778 in
308 707 451 778 concilio
478 729 657 805 negaverat
681 703 738 803 ipst
764 706 923 802 episcopo
940 706 1075 802 petenti,
1100 705 1196 778 licere
1217 732 1275 803 pe·

146 828 233 890 r·480·
247 816 394 911 regrinos
434 815 469 883 in
514 813 673 911 Hispania
706 811 852 903 detineri,
889 810 931 884 de
970 811 1120 885 vindicta.
1144 810 1276 884 ecclesie

249 918 372 992 docens
402 918 627 992 inchoandum
656 947 676 990 a
703 921 818 1016 capite.
854 920 967 991 Diviso
997 921 1095 1016 igitur
1125 921 1276 1010 exercitu,

248 1031 361 1124 quinta
389 1029 468 1099 feria
497 1027 570 1124 post
606 1024 693 1098 beati
722 1025 831 1098 iacobi
860 1027 973 1098 festum
1006 1024 1099 1098 fimul
1129 1055 1150 1100 a
1177 1053 1276 1124 portu
1290 1047 1331 1093 tur.
1341 1062 1378 1106 27.

247 1138 414 1227 exivimus,
445 1132 555 1206 media
577 1158 670 1231 parte
693 1135 828 1207 navium
854 1134 961 1207 versus
988 1159 1107 1206 terram
1131 1136 1277 1206 sandlam

246 1243 413 1331 tendente,
435 1243 548 1314 ceteris
571 1239 614 1312 ad
630 1239 889 1340 expugnandam
905 1241 1021 1314 urbem
1036 1243 1138 1314 Alcaz
1157 1269 1276 1340 prope

246 1350 403 1423 rantibus.
428 1351 499 1423 Nos
517 1377 629 1424 autem
646 1349 725 1422 urbe
745 1376 764 1421 a
780 1347 904 1421 sinistris
922 1350 1042 1440 relitia,
1060 1375 1159 1446 caput
1174 1351 1278 1422 sansti

246 1456 411 1552 Vincentij
425 1460 461 1530 ὅ(
473 1484 574 1556 caput
587 1454 629 1529 de
641 1459 738 1545 Sacis,
757 1456 862 1531 Alvor
880 1482 1013 1553 quoque
1026 1456 1165 1529 &Silvis
1182 1456 1276 1529 urbes

247 1587 358 1661 captas
377 1564 550 1662 quondam
566 1593 586 1636 a
604 1565 728 1655 nostris,
748 1562 907 1634 Ahnadra
926 1567 1110 1659 quoque&
1121 1562 1277 1636 Albufere

247 1672 348 1742 castra
366 1673 464 1744 sortia
482 1674 750 1770 pertranseuntes,
772 1669 816 1741 ad
832 1671 941 1743 levam
955 1695 1031 1743 ante
1048 1696 1182 1768 portum
1199 1673 1276 1744 civi-

168 1811 187 1841 c.
197 1809 233 1857 ²9·
248 1781 319 1849 tatis
338 1807 401 1877 que
421 1779 594 1877 quondam
611 1781 729 1851 Santla
745 1779 859 1866 Maria,
882 1803 970 1850 nunc
988 1792 997 1824 ¹
1012 1779 1129 1850 Hairin
1146 1778 1274 1868 dicitur,

246 1889 350 1958 ventis
375 1886 561 1960 fallentibus
585 1887 745 1959 anchoras
765 1887 962 1982 proiecimus
988 1882 1031 1956 de
1055 1883 1193 1959 navibus
1212 1905 1275 1984 353

245 1993 358 2090 ibique
382 1999 517 2066 nossem
540 2019 684 2092 agentes,
711 2019 809 2065 mane
833 1993 938 2064 socios
962 1998 1062 2065 noste
1080 1991 1237 2091 dispulsos
1256 2023 1277 2066 a

245 2100 341 2172 nobis
359 2104 525 2175 venientes
537 2116 551 2148 2
561 2102 618 2173 leti
634 2101 842 2197 suscepimus,
851 2097 1009 2195 fimulque
1024 2126 1102 2170 curn
1117 2099 1191 2198 ipsis
1203 2100 1276 2172 vela

245 2208 402 2298 levantes,
428 2208 510 2280 dum
532 2205 712 2304 procedere
742 2231 986 2305 temptaremus,
1015 2206 1121 2278 subito
1139 2232 1222 2280 voto
1240 2210 1276 2278 δε

245 2339 346 2388 vento
360 2314 501 2387 fraudati
517 2316 619 2387 rursus
632 2341 734 2386 uncos
752 2314 871 2386 harene
889 2311 1045 2385 mandare
1062 2312 1273 2412 cogebamur.

245 2422 315 2494 Nec
329 2448 423 2494 mora
437 2421 617 2494 minoribus
633 2420 676 2495 ad
689 2447 808 2494 terram
820 2423 957 2519 navigiis
971 2420 1110 2510 advetli,
1125 2419 1178 2493 die
1192 2420 1274 2494 obst·

245 2528 355 2602 denda
365 2531 494 2602 civitate
504 2528 879 2604 consiliavenrilavimus.
888 2526 1143 2625 Diverhsitaque
1152 2527 1275 2602 diversa

244 2634 464 2728 sentientibus,
477 2637 591 2711 divino
605 2639 716 2734 spiritu
727 2662 789 2709 nec
803 2637 869 2708 scio
883 2663 926 2708 an
938 2637 996 2706 suo
1008 2638 1133 2733 impetu
1147 2634 1275 2708 inflam-

245 2747 325 2816 mati
341 2746 427 2815 circa
443 2746 614 2842 vesperum
631 2746 772 2816 Frisones
787 2742 878 2842 signa
893 2743 1037 2818 levantes
1056 2742 1099 2816 ad
1116 2744 1224 2816 celum
1240 2748 1275 2818 δι

243 2848 374 2923 beatam
383 2852 554 2950 Virginem
567 2853 601 2923 in
615 2850 790 2924 subsidium
797 2852 891 2924 suum
903 2877 980 2922 cum
994 2853 1123 2923 cantico
1136 2853 1275 2927 invitan-

244 2981 303 3049 tes,
315 2972 327 3019 3
339 2957 444 3031 hostes
462 2956 632 3055 dispositos
649 2961 683 3031 in
705 2960 830 3056 campis
846 2961 882 3029 δι
899 2956 1014 3030 urbem
1029 2957 1182 3052 audasler
1202 2958 1275 3032 inst·

242 3065 336 3155 liunt,
352 3064 524 3162 statimque
540 3061 683 3136 hostibus
699 3067 734 3136 in
753 3065 867 3163 fugam
884 3062 1056 3156 converfis,
1074 3065 1154 3138 dum
1172 3069 1275 3164 portis

247 3171 472 3268 appropriant,
486 3174 697 3244 Sarracenum
709 3198 769 3269 per
782 3197 913 3242 murum
922 3169 1175 3245 descendentem
1195 3199 1274 3246 con·

242 3277 390 3375 spiciunt.
420 3279 502 3377 Qio
528 3279 636 3351 statim
661 3279 834 3350 interfecto
864 3275 998 3374 quidam
1014 3280 1097 3349 Friso
1124 3282 1275 3380 sagittam

243 3385 364 3477 iniecit,
385 3382 556 3457 &eodem
575 3386 654 3457 fune
668 3383 897 3458 transcendens
909 3413 1051 3479 murum,
1068 3387 1223 3461 vexillum
1240 3388 1275 3457 in

243 3493 322 3562 turri
329 3488 457 3563 sublimi
466 3489 625 3588 deposuit,
638 3494 806 3590 portisque
818 3494 936 3590 apertis
945 3493 1052 3566 socios
1060 3497 1191 3592 recepit.
1204 3495 1275 3592 Qui

242 3621 313 3669 tota
327 3601 425 3669 nothe
444 3599 552 3696 spoliis
572 3598 790 3691 intendentes,
808 3626 905 3672 mane
917 3599 1150 3673 succendentes
1163 3603 1274 3676 civita·

242 3726 320 3795 tem,
334 3705 472 3776 multam
482 3701 617 3777 navibus
627 3704 765 3804 predam
776 3709 976 3780 invexerunt.
985 3709 1072 3779 licet
1084 3731 1194 3780 autem
1206 3733 1274 3782 nox

240 3810 295 3882 illa
313 3809 452 3886 nubibus
474 3815 550 3887 atris
567 3812 690 3886 texisset
706 3814 826 3907 celum,
847 3815 942 3885 multi
959 3838 1070 3886 tamen
1083 3817 1273 3914 ymaginem

263 4087 270 4118 ι
282 4069 322 4120 Bis
332 4068 455 4122 ins—2
466 4070 504 4122 Sic
512 4071 589 4138 H.;A.
601 4071 724 4122 veniente.
779 4073 833 4140 fine
844 4069 912 4125 lineae
920 4071 1079 4140 precedentis
1091 4070 1167 4142 eraſss
1179 4069 1205 4123 in
1218 4073 1248 4122 A.
1446 4103 1451 4142 t

241 4177 273 4188 -
287 4149 409 4214 3Tantes
414 4149 496 4217 solum
508 4150 594 4218 exstat,
605 4149 691 4203 ceteris
699 4149 725 4202 in
