3466 5110
464 373 511 451 34
917 309 1045 427 oirsTA

342 617 400 662 1217
459 592 565 663 lerunt
580 589 703 686 sibique
717 605 726 637 ¹
741 593 959 664 communiter
971 607 986 640 ²
997 591 1179 665 diviserunt.
1192 593 1339 690 Quidam
1356 605 1487 664 tamen³

460 725 587 789 eorum,
605 698 854 796 pulchretudine
866 702 912 772 rei
929 723 1020 797 rapte
1037 697 1196 792 sedudius‚
1214 699 1408 772 obediencie
1420 703 1489 770 iura

459 831 616 878 temerare
635 804 834 902 presumpfit‚
860 809 927 903 qui,
958 806 1038 878 dum
1056 806 1167 878 cibum
1183 832 1301 904 capere
1318 804 1487 898 debuisset,

458 912 501 984 ad
518 914 659 1010 primam
684 913 790 984 statim
816 910 979 986 bucellam
1006 941 1091 1013 pene
1113 913 1287 985 suffocatus
1307 914 1488 1011 periculum

411 1065 413 1072 ,
458 1047 516 1118 per
534 1018 780 1108 confessionem,
801 1021 971 1092 miserante
987 1024 1072 1111 De0‚
1092 1020 1190 1093 evafit
1206 1024 1240 1093 ἃ
1254 1021 1328 1118 post
1340 1021 1402 1092 hec
1416 1019 1487 1090 sub·

298 1139 410 1186 Novemb·
426 1125 523 1196 slata
543 1124 680 1197 fideliter
708 1127 848 1197 restituit.
875 1128 944 1198 Post
971 1128 1087 1198 festum
1106 1130 1270 1200 Omnium
1294 1130 1487 1199 Sandlorum

457 1233 619 1305 universus
637 1235 791 1304 exercitus
811 1234 1067 1322 christianorum,
1095 1260 1172 1305 cum
1194 1232 1405 1306 reddidissent
1422 1235 1487 1305 cas·

457 1366 544 1412 trum
560 1338 709 1412 fratribus
735 1339 776 1412 de
793 1340 919 1439 gladio,
945 1343 1085 1414 reversus
1111 1344 1155 1414 est
1178 1340 1404 1431 Ulixibonam‚
1432 1340 1488 1412 ubi
1501 1358 1543 1414 Vs
1556 1355 1700 1416 f·4r⁰‚c·1-

457 1450 618 1520 tostularia
628 1464 644 1509 4
654 1447 750 1521 bonis
763 1449 916 1522 omnibus
933 1447 1173 1522 redundabant.
1185 1462 1197 1510 ⁵
1210 1449 1245 1520 Et
1263 1475 1341 1520 ecce
1351 1449 1487 1521 miracu·

455 1553 525 1626 sum
537 1556 664 1654 semper
683 1555 930 1630 advertendum.
948 1558 1080 1654 Singule
1092 1559 1181 1628 enim
1198 1559 1348 1654 regiones
1366 1560 1400 1628 δε
1412 1557 1488 1628 loca

456 1664 588 1758 copiam
603 1666 779 1762 peregrinis
793 1663 974 1761 prebebant
988 1665 1153 1754 omnium,
1171 1662 1226 1735 sed
1240 1665 1273 1734 in
1286 1664 1355 1735 sola
1367 1690 1486 1736 eorun-

455 1769 532 1840 dem
549 1772 652 1867 patria
670 1773 769 1868 ⁶posl
784 1772 878 1842 suum
901 1769 1071 1842 discessum
1088 1773 1225 1867 penuria
1244 1771 1288 1841 est
1309 1769 1486 1862 subsecuta,

351 1964 359 1978 Ι
455 1876 633 1972 specialiter
656 1902 766 1949 autem
788 1880 877 1950 Deus
896 1878 1017 1950 clericis
1039 1876 1204 1974 providit3
1233 1879 1366 1949 namin
1388 1877 1486 1952 Ulixi·

455 1980 544 2055 bona
569 1985 762 2083 theologum
780 1984 1039 2057 litteratissimum
1055 1987 1252 2080 invenimus,
1277 1988 1345 2084 qui,
1370 1986 1486 2057 relictis
1499 2003 1535 2062 B„
1549 2021 1572 2066 p.
1583 2019 1637 2066 225,
1649 2023 1669 2053 c.
1680 2021 1699 2053 1.

458 2093 688 2188 temporalium
703 2095 797 2183 curis,
822 2095 884 2165 soli
900 2094 1180 2191 contemplationi
1193 2092 1360 2166 studiosus
1376 2095 1484 2165 inten-

458 2197 566 2289 debat,
603 2227 662 2297 per
686 2204 775 2272 cuius
800 2200 985 2273 docsrinam
1007 2203 1041 2273 in
1067 2199 1241 2274 dulcedine
1259 2203 1346 2273 sacre
1363 2202 1487 2299 pagine

457 2307 627 2380 refocillati
643 2309 761 2382 sumus.

569 2552 614 2620 ΙΙΙ.
641 2553 692 2617 De
710 2551 950 2642 expeditionibus
970 2553 1000 2617 in
1019 2546 1112 2619 Terra
1130 2551 1242 2618 Sardio
1252 2553 1364 2641 fadis.

496 2733 586 2804 Cum
595 2735 705 2831 itaque
718 2730 807 2828 apud
817 2732 1031 2806 Ulixibonam
1039 2758 1097 2829 per
1104 2732 1219 2806 hiemis
1229 2733 1374 2830 spacium
1384 2733 1487 2828 quies·

455 2863 575 2931 terent,
615 2838 797 2935 patriarcha
827 2839 1122 2911 lherosolimitanus
1163 2866 1240 2911 cum
1273 2839 1488 2938 copiosissima

454 2945 661 3019 multitudine
688 2948 947 3046 peregrinorum,
976 2951 1031 3043 qui
1059 2973 1117 3044 per
1143 2971 1241 3019 terras
1262 2971 1428 3036 venerant,
1451 2949 1487 3017 in

455 3054 680 3132 transmarinis.
690 3051 835 3151 partibus
851 3051 1017 3152 vigilabat.
1039 3055 1125 3124 seria
1141 3078 1286 3150 namque
1303 3055 1391 3126 sexta
1414 3055 1487 3150 post

292 3175 404 3221 Novemb·
419 3189 439 3235 3·
454 3161 569 3232 festum
587 3162 752 3232 Omnium
769 3163 964 3233 Santlorum
984 3160 1075 3233 idem
1091 3161 1273 3258 patriarcha
1290 3187 1367 3232 cum
1392 3161 1485 3259 ligno

454 3270 556 3339 crucis
570 3270 746 3342 Dominice
763 3269 889 3340 secutus
907 3269 951 3340 est
964 3270 1151 3360 exercitum,
1169 3271 1224 3365 qui
1236 3267 1428 3367 precesserat
1444 3267 1487 3339 fic

453 3374 691 3448 Recordanam.
705 3376 784 3445 Hoc
796 3400 907 3448 autem
921 3376 1049 3474 lignum
1063 3374 1159 3448 dulce
1173 3377 1247 3473 post
1260 3378 1359 3448 Terre
1371 3378 1485 3448 Sandle

454 3483 659 3554 amissionem
676 3509 735 3580 per
751 3508 867 3555 manus
888 3484 1134 3555 christianorum
1155 3484 1200 3554 esi
1215 3484 1387 3571 servatum,
1414 3480 1484 3570 sed,

452 3589 645 3663 imminente
667 3588 754 3662 bello
778 3615 892 3662 contra
913 3593 1117 3679 Sarracenos,
1144 3591 1224 3661 sano
1252 3587 1386 3660 confilio
1404 3587 1485 3662 divi-

450 3695 522 3765 sum
540 3698 584 3767 est
608 3694 652 3768 ob
670 3697 755 3768 hanc
769 3699 910 3788 causam,
923 3699 965 3769 'ut
981 3724 1056 3797 pars
1071 3724 1135 3768 una
1153 3695 1331 3770 deferretur
1348 3695 1391 3768 ad
1413 3723 1485 3795 pre·

449 3800 542 3894 lium,
571 3802 627 3876 ubi
644 3829 780 3903 propter
795 3805 970 3876 hominum
986 3828 1123 3903 peccata
1144 3803 1272 3902 perdita
1288 3805 1343 3892 est,
1362 3804 1487 3899 reliqua
1499 3817 1635 3878 V-‚f·4r⁰‚
1648 3835 1668 3863 t·
1683 3834 1705 3866 2·

450 3935 528 3981 vero
554 3935 631 4007 pars
654 3911 755 4008 usque
780 3911 823 3983 ad
844 3911 907 3984 hec
933 3936 1084 4010 tempora
1101 3909 1294 4009 diligencius
1316 3911 1360 3981 est
1381 3911 1484 3981 custo·
1723 3911 1724 3922 ³

487 4121 497 4152 1
513 4103 542 4156 B.
559 4120 605 4172 pto
618 4121 667 4172 que
680 4106 757 4173 quod.
770 4135 804 4144 --
819 4125 834 4157 2
851 4108 879 4157 V.
893 4122 936 4156 co·
1034 4107 1088 4168 4B.
1098 4104 1240 4174 tortularia3
1255 4106 1283 4156 V.
1299 4105 1439 4158 torcularia.
1449 4133 1484 4143 -

449 4181 532 4268 minen
544 4211 577 4222 -
593 4199 605 4246 3
622 4184 651 4235 V.
666 4193 729 4235 tum.
1001 4203 1013 4250 5
1026 4186 1054 4236 V.
1063 4184 1228 4238 redundabat.
1242 4213 1274 4224 ·—
1289 4189 1304 4236 6
1320 4188 1348 4238 V.
1358 4185 1447 4255 priora.
