3462 5114
476 382 478 384 ·
520 367 559 420 ru
578 365 778 420 ousrnroun
796 365 994 419 namara.
1208 359 1273 445 159

245 589 337 684 quod
350 615 411 685 pro
424 592 526 660 nimia
537 587 786 685 perturbacione
799 610 899 658 nemo
915 611 971 655 eos
985 607 1113 680 poterat
1125 585 1272 674 retinere,
1287 615 1345 662 ηις

244 696 332 768 unde
349 701 383 768 &
400 696 508 782 multi,
527 693 793 792 persequentibus
811 719 868 765 eos
885 693 1031 788 Paganis,
1052 717 1140 762 nunc
1160 690 1272 788 gladio

244 804 354 899 aliqui,
367 829 455 874 nunc
464 801 511 873 siti
527 802 675 874 defecere
688 801 848 873 nonnulli.
867 799 1028 895 Principes
1040 822 1150 868 autem
1164 798 1273 889 nostri,

244 911 318 982 talia
331 909 489 1000 videntes,
503 912 680 981 timuerunt
693 907 734 978 de
747 906 885 1005 populo,
902 931 942 975 ne
955 906 1095 974 omnino
1110 904 1272 994 deficeret,

243 1016 360 1088 milites
390 1019 463 1088 suos
495 1014 661 1104 iusserunt,
693 1012 853 1098 invadere
878 1014 1079 1083 Sarracenos.
1110 1013 1274 1083 Dominus

243 1149 378 1219 quoque
390 1124 527 1220 legatus,
537 1121 619 1193 dans
640 1120 792 1191 omnibus
810 1117 1088 1206 benedidlionem,
1105 1116 1200 1190 dixit:
1215 1125 1271 1208 Ite,

195 1289 198 1293 .
243 1237 307 1301 ‘Dei
323 1236 386 1320 fiat
402 1233 562 1323 volunrup!
587 1230 622 1299 Et
643 1226 700 1324 ipsi
723 1229 876 1297 irruentes
893 1226 927 1293 in
947 1248 1014 1314 eos,
1036 1222 1156 1294 multos
1175 1227 1273 1298 inter-

242 1337 397 1427 fecerunt,
417 1336 458 1406 de
477 1337 589 1407 nostris
608 1361 742 1430 quoque
759 1333 854 1405 multi
868 1334 990 1402 mortui
1004 1333 1084 1404 sunt.
1106 1331 1150 1404 lbi
1167 1333 1272 1404 nullus

240 1445 334 1533 iners,
361 1443 467 1515 nullus
486 1446 615 1540 ignarus
640 1443 707 1513 fuit.
735 1442 836 1513 Multe
864 1440 982 1510 milicie
1003 1439 1088 1510 facie
1107 1441 1179 1512 sunt
1195 1440 1273 1513 hinc

240 1551 317 1622 inde
335 1575 374 1621 ex
399 1574 535 1645 utraque
559 1573 660 1646 parte,
685 1549 792 1648 sedin
809 1547 911 1618 multa
930 1545 1077 1642 dampna
1102 1545 1180 1641 paffi
1200 1550 1273 1619 sunt

240 1657 347 1728 nostri.
378 1663 410 1727 ln
428 1657 483 1728 illa
500 1657 553 1727 die
573 1657 668 1726 multi
685 1656 844 1751 templarii
861 1658 896 1725 ὅ(
913 1652 1110 1749 holpitalarij
1128 1657 1162 1724 &
1179 1656 1273 1728 multi

240 1764 356 1835 milites
383 1761 478 1834 oceifi
503 1765 575 1834 sunt
592 1761 803 1859 &capitibus
821 1761 969 1832 truncati.
996 1760 1105 1830 Nostri
1125 1787 1271 1856 quoque,

240 1895 298 1965 per
323 1869 445 1941 flumen
472 1871 673 1967 navigantes,
703 1869 833 1966 galeam
857 1892 958 1938 unam
979 1867 1165 1956 amiserunt,
1196 1867 1271 1940 cesis

240 1975 299 2066 his,
326 1978 438 2070 quiin
463 2003 501 2046 ea
527 1999 627 2047 erant.
657 1975 760 2046 Multa
785 1971 966 2071 opprobria
985 1975 1019 2042 &
1043 1972 1176 2044 vulnera
1193 1975 1271 2069 paffr

240 2084 312 2152 sunt
327 2082 443 2154 milites
460 2085 559 2154 nostri
576 2086 610 2153 in
623 2083 677 2153 illa
691 2081 751 2154 die.
772 2083 845 2152 Hac
859 2079 911 2150 die
929 2077 993 2148 stne
1007 2104 1146 2150 numero
1162 2081 1270 2153 Chris·

93 2205 133 2252 for.
150 2207 191 2253 181
205 2223 225 2252 a.
239 2191 319 2260 tiani
336 2191 408 2262 sunt
422 2187 528 2278 occist,
548 2215 631 2285 quos
646 2192 735 2260 Deus
752 2214 829 2259 cum
843 2189 943 2258 Beato
958 2184 1101 2258 Iohanne
1116 2189 1150 2258 in
1165 2189 1270 2262 celesti

239 2296 344 2392 gloria
361 2297 463 2369 voluit
480 2295 651 2367 collocare.
1363 2329 1367 2340 ·

286 2404 454 2476 XLlell.
481 2402 586 2473 Modo
612 2402 732 2491 audite,
757 2401 894 2497 qualiter
911 2401 1055 2472 Christus
1072 2400 1188 2471 milites
1207 2399 1269 2473 sive

237 2511 427 2606 peregrinos
445 2509 517 2578 l'uos
539 2510 672 2603 recepit.
702 2508 795 2580 Unus
813 2508 898 2577 forte
914 2508 1115 2578 Teutonicus
1133 2508 1269 2603 quidam

237 2617 319 2687 inter
332 2641 480 2688 mortuos
494 2613 644 2686 remansit
656 2617 758 2704 vivus,
778 2617 834 2711 qui
847 2617 880 2685 in
894 2618 1004 2702 nodie,
1013 2619 1132 2686 eredo
1150 2617 1268 2712 capite,

237 2724 391 2793 excitatus
412 2749 432 2791 a
455 2723 611 2818 sompn0,
638 2721 719 2793 vidit
736 2746 844 2793 totum
870 2747 1026 2816 campum
1050 2721 1269 2794 illuminatum

236 2831 271 2899 ὃς
296 2826 377 2900 vidit
400 2832 435 2899 ὅ(
458 2827 581 2899 audivit
598 2830 775 2898 maximam
802 2826 1045 2900 multitudinem
1074 2830 1268 2926 angelorum

237 2951 403 3006 cantantes
419 2936 512 3031 [uper
525 2958 672 3005 mortuos
685 2937 720 3005 ὅ(
734 2934 896 3006 dicentes:
913 2938 972 3020 Hij
981 2938 1065 3028 funt,
1084 2942 1135 3028 qui
1146 2946 1269 3010 veniunt

236 3069 271 3111 ex
297 3068 408 3135 magno
434 3044 627 3111 tribulacione
652 3042 682 3110 ἃ
709 3043 844 3111 laverunt
853 3044 954 3132 stolas
968 3045 1046 3135 suos
1063 3043 1094 3110 ὃ
1111 3045 1267 3114 dealbave-

235 3176 304 3220 runt
328 3177 379 3219 eus
405 3152 605 3242 insanguine
630 3155 703 3242 ogni
729 3148 897 3244 (Apocal.‚
918 3168 982 3238 vll,
1007 3159 1075 3244 13),
1107 3177 1194 3241 quum
1208 3178 1267 3244 pro

236 3261 371 3326 Domino
389 3260 577 3325 martiriltari
584 3259 677 3349 sunt!
697 3259 729 3324 ln
747 3254 803 3352 illa
815 3252 869 3324 die
886 3256 973 3350 capti
986 3255 1116 3325 fuerunt
1127 3253 1267 3328 barones

235 3363 352 3432 nostri:
371 3363 564 3432 camerarius
582 3363 666 3459 regis
683 3363 863 3432 francie&
880 3358 1077 3432 Beluacensts
1095 3363 1267 3459 episcopus

236 3492 311 3537 cum
326 3467 506 3556 fratremn,
525 3466 669 3538 iohanne
683 3466 725 3537 de
738 3469 882 3560 Arscicq
903 3467 1005 3539 milite
1018 3465 1137 3564 prob0‚
1155 3494 1267 3540 comes

236 3572 278 3644 de
295 3573 457 3662 Belmont,
479 3572 625 3644 Andreas
643 3573 684 3644 de
702 3576 799 3661 Perse,
826 3575 997 3647 Anselmus
1019 3573 1060 3645 de
1075 3576 1174 3665 Leon,
1195 3601 1267 3674 pre-

236 3679 357 3776 pofitus
378 3682 486 3752 saneti
506 3681 667 3769 Homerij,
686 3683 720 3751 ὅ(
738 3681 831 3752 multi
846 3682 909 3771 alij,
928 3682 1089 3779 templarii
1107 3686 1141 3753 ἃ
1158 3682 1268 3779 hospi-

236 3787 348 3877 talarii,
370 3787 426 3880 qui
443 3784 532 3856 duni
552 3786 680 3858 fuerunt
696 3789 730 3857 in
750 3789 981 3884 captivitatem.
999 3787 1063 3859 Sed
1080 3814 1134 3859 rex
1151 3787 1267 3859 lohan-

235 3918 292 3964 nes
310 3917 385 3962 cum
399 3892 526 3989 templo
539 3895 574 3963 ὃς
587 3893 784 3989 hospitali&
796 3894 905 3965 multis
921 3893 989 3965 aliis
1005 3919 1094 3966 extra
1111 3892 1267 3965 foliatum

235 4022 439 4070 remanentes
461 3997 582 4070 multos
600 3997 805 4086 occiderunt,
830 3999 999 4094 nullusque
1015 4002 1266 4072 Sarracenorum

235 4104 327 4175 ausus
347 4105 406 4174 fuit
424 4104 465 4175 ad
487 4131 549 4174 nos
566 4105 694 4176 intrare.
722 4106 841 4203 Pagani
857 4107 964 4204 igitur,
990 4106 1092 4176 multa
1110 4104 1212 4202 spolia
1226 4130 1266 4178 ac
