3462 5110
472 361 519 436 62
755 380 806 432 nn
831 379 988 432 rrrusnn
1013 379 1215 432 rmsouuu.

401 635 460 683 1217
472 624 533 696 pus
550 625 628 671 vero
646 599 781 671 civitatis
802 624 861 695 per
881 595 1042 671 devexum
1063 599 1185 668 montis
1215 597 1314 693 usque
1336 596 1378 668 ad
1399 621 1500 692 aquas

471 703 613 776 fluminis
635 703 846 797 descendens,
867 704 910 777 ad
935 705 1076 776 austrum
1102 731 1196 776 muro
1218 706 1359 803 cingitur
1383 706 1418 776 ἀ
1434 718 1499 777 tur-

470 811 566 884 ribus.
594 811 640 883 lbi
665 813 749 882 miro
766 813 907 883 scemate
921 812 1103 884 construsla
1117 813 1153 881 in
1170 812 1298 882 honore
1317 809 1413 883 beate
1425 812 1499 883 Vir-

470 920 554 1016 ginis
579 916 757 990 ostenditur
779 916 921 1009 ecclesia,
946 921 981 990 in
999 944 1065 1015 qua
1087 943 1207 1015 corpus
1227 916 1314 989 beati
1334 918 1498 1008 Vincentij

470 1027 616 1117 martyris
632 1028 667 1097 in
680 1025 886 1123 sarcophago
900 1026 1068 1122 requiescit
1084 1049 1251 1122 argenteo.
1270 1023 1500 1096 adorientem

468 1157 547 1204 vero
565 1154 655 1202 extra
674 1133 840 1205 civitatem
856 1129 1029 1227 quoddam
1050 1131 1094 1202 est
1110 1128 1292 1204 venerabile
1309 1129 1497 1224 cenobium,

469 1235 525 1308 ubi
542 1237 653 1334 palma
669 1237 711 1309 de
729 1237 900 1333 sepulchro
922 1240 1070 1330 martyris
1092 1237 1210 1309 Christi
1238 1235 1356 1308 domni
1372 1239 1498 1336 Popteti
1510 1270 1531 1301 e
1543 1255 1582 1302 ιε.

467 1343 611 1443 Ulvinga
623 1359 633 1391 ¹
647 1345 783 1441 pulchre
799 1344 999 1441 consurgens
1020 1344 1054 1414 in
1080 1369 1155 1416 aera
1171 1343 1419 1434 demonstratur,
1442 1346 1498 1440 qui

466 1475 594 1524 mutato
620 1453 757 1524 nomine
787 1452 969 1539 Heinricus,
999 1451 1149 1547 princeps
1174 1451 1293 1522 milicie
1319 1449 1497 1542 christiane,

466 1582 543 1630 ante
560 1584 606 1652 70
624 1584 728 1629 annos
745 1554 870 1630 ibidem
900 1583 976 1629 cum
994 1557 1052 1628 suo
1077 1559 1241 1655 armigero
1266 1559 1368 1631 vitam
1394 1557 1498 1632 finivit

465 1666 499 1735 in
529 1663 677 1756 Christ03
706 1666 763 1761 qui
793 1690 882 1736 nunc
912 1662 1021 1736 divina
1047 1664 1245 1737 revelatione
1274 1665 1497 1756 canonizatus,

464 1771 571 1870 gloria
598 1772 772 1868 temporali
788 1771 904 1843 letatur
920 1774 954 1842 δι
972 1794 1091 1843 eterna.
1119 1772 1230 1868 Tagus
1256 1796 1365 1842 autem
1381 1769 1497 1845 fluvius

465 1876 508 1948 ad
521 1878 662 1949 austrum
676 1877 886 1968 descendens,
899 1877 993 1976 largo
1008 1875 1076 1948 srnu
1088 1877 1307 1973 complicitus,
1318 1879 1497 1949 innumeris

464 1983 602 2059 navibus
630 1987 802 2057 stationem
821 1983 934 2082 prebet
957 1984 1152 2066 tutissimam.
1182 1983 1377 2055 Notandum
1405 2011 1495 2074 veru,

464 2096 557 2192 quod
573 2123 673 2170 naves
690 2122 826 2195 portum
838 2099 956 2168 intrare
973 2096 1119 2168 volentes
1133 2093 1243 2166 sinistri
1255 2110 1269 2142 2
1280 2095 1381 2167 litoris
1397 2096 1496 2168 latere

464 2205 573 2276 secure
593 2203 779 2296 decurrunt,
806 2205 907 2300 usque
924 2202 1005 2274 dum
1021 2205 1054 2273 in
1073 2202 1221 2275 saucibus
1238 2200 1334 2300 ipsrus
1353 2201 1496 2282 fluminis

462 2336 593 2408 recepte
611 2310 753 2408 oppositi
764 2312 865 2382 litoris
884 2335 1035 2382 montem
1048 2308 1235 2400 ascendant,
1253 2306 1361 2381 donec
1377 2313 1494 2410 scopu·

462 2420 531 2491 lum
550 2419 712 2490 transeant
732 2419 973 2516 quinquaginta
990 2413 1187 2507 cubitorum,
1205 2418 1239 2488 in
1257 2415 1376 2488 sinistro
1396 2419 1495 2494 latere

462 2526 520 2599 sub
538 2529 631 2624 aquis
647 2527 813 2599 latentem.
843 2524 1000 2597 Colleslis
1020 2526 1117 2624 igitur
1136 2524 1171 2594 in
1187 2523 1252 2594 hoc
1269 2549 1368 2620 portu
1385 2528 1494 2599 multis

461 2633 608 2726 navibus,
625 2633 771 2705 adunato
790 2635 894 2704 tocius
907 2634 1061 2703 exercitus
1079 2629 1213 2702 consilio
1227 2632 1402 2727 &populo
1415 2637 1494 2709 civi·

462 2744 545 2834 tatis,
565 2743 736 2838 episcopus
752 2741 818 2812 loci
829 2740 912 2811 illius
930 2740 1116 2810 sermonem
1128 2738 1250 2809 faciens
1263 2737 1305 2809 ad
1317 2743 1493 2837 populum,

459 2849 653 2948 persuadere
679 2848 851 2937 nitebatur,
880 2874 916 2921 ut
943 2851 978 2918 in
996 2849 1155 2944 Hispania
1176 2873 1358 2920 remaneret
1382 2851 1417 2919 &
1433 2851 1493 2919 ini·

461 2959 565 3028 rnicos
590 2954 721 3028 ecclesie
746 2958 781 3027 in
800 2955 904 3028 urbes
928 2983 993 3052 que
1012 2956 1116 3026 Alcoz
1143 2954 1262 3026 dicitur
1280 2980 1492 3054 expugnaret,

460 3064 537 3136 utile
554 3065 619 3135 hoc
639 3064 710 3135 fore
726 3067 761 3134 &
780 3063 953 3135 honestum
969 3062 1076 3134 multis
1102 3061 1281 3135 rationibus
1298 3061 1489 3150 asseverans,

460 3174 553 3243 suum
569 3174 604 3241 ὃς
620 3171 752 3242 suorum
770 3173 804 3241 ὃ(
824 3197 941 3268 regum
960 3193 1042 3241 terre
1068 3168 1233 3266 spondens
1251 3170 1375 3260 auxilia,
1402 3170 1491 3244 lucra

458 3282 652 3377 promittens
684 3306 785 3376 quam
815 3280 965 3375 plurima,
997 3303 1126 3348 moram
1155 3274 1220 3348 stne
1251 3278 1347 3348 lucris
1379 3278 1491 3350 utilem

459 3385 613 3483 probans,
638 3412 709 3459 tum
736 3411 871 3483 propter
896 3412 1004 3457 rerum
1020 3387 1153 3482 copiam
1171 3385 1297 3458 ibidem
1313 3386 1489 3474 venalium,

459 3518 531 3564 tum
547 3519 682 3591 propter
700 3520 827 3565 moram
853 3519 969 3591 regum
985 3494 1019 3562 &
1031 3494 1231 3590 principum,
1257 3495 1314 3589 qui
1339 3519 1382 3564 eo
1400 3519 1490 3564 anno

459 3627 528 3672 non
554 3598 730 3693 transirent,
757 3625 864 3672 cetera
882 3626 946 3697 que
972 3601 1092 3670 rationi
1108 3598 1302 3672 videbantur
1319 3601 1489 3672 consenta-

458 3732 521 3779 nea
538 3710 722 3780 annedens.
748 3707 812 3779 Sed
835 3708 894 3778 hiis
912 3704 1064 3778 omnibus
1091 3733 1213 3803 magna
1230 3733 1304 3803 pars
1322 3709 1489 3798 exercitus,

458 3814 513 3886 sed
530 3817 685 3912 precipue
701 3816 843 3887 frisones
859 3812 1090 3906 reclamabant,
1114 3815 1218 3886 multa
1233 3815 1268 3885 in
1287 3815 1489 3886 contrarium

494 4080 505 4112 r
527 4065 557 4114 A.
572 4061 619 4114 vel
630 4062 753 4132 Uliung25
772 4063 878 4117 videtur
901 4064 943 4132 effe
1023 4082 1038 4115 2
1054 4064 1204 4132 Sequebatur
1216 4061 1299 4114 lateris
1306 4062 1410 4116 deletum
1423 4063 1449 4117 in
1456 4067 1486 4120 A.

458 4142 568 4213 Ulvinga
574 4142 600 4208 fi
610 4160 632 4213 q.
642 4142 774 4212 lupifilius.
1004 4173 1039 4184 -
1054 4161 1066 4209 3
1081 4143 1106 4194 in
1116 4145 1177 4196 urbe
1182 4141 1310 4213 supplevi.
