3462 5110
464 382 512 478 98

392 651 451 700 1219
464 642 510 690 tes
523 631 533 664 ¹
547 617 733 708 Christiani,
751 615 843 714 quod
859 616 991 687 fortuna
1007 611 1177 687 invidebat
1192 615 1249 706 eis,
1267 609 1355 709 quafi
1374 615 1496 686 mortui

464 726 613 823 prostrati
634 727 669 795 in
694 749 813 796 terram
835 727 870 794 ὅ(
893 721 1029 794 flumine
1049 723 1292 816 lachrymarum
1316 749 1387 794 non
1416 719 1496 794 defi-

462 835 584 904 cientes
608 829 797 904 clamabant
821 830 985 903 dicentes:
1019 837 1150 901 Domine
1174 835 1260 925 ihesu
1286 834 1414 922 Christe⁷
1444 857 1496 900 rex

460 943 572 1034 glorie,
587 946 640 1032 qui
652 966 684 1009 es
691 966 801 1034 potens
812 944 845 1010 in
858 943 1003 1030 omnibns,
1018 942 1128 1008 adiuva
1132 942 1242 1032 servos
1258 937 1341 1009 Tuos
1353 939 1385 1008 θ
1399 928 1495 1007 libem

460 1074 516 1117 nos
532 1051 567 1116 ab
585 1049 644 1116 ilia
653 1051 779 1138 flamma
790 1060 806 1092 ²
823 1048 856 1117 Pe
881 1076 899 1116 a
917 1051 1053 1116 manibus
1070 1052 1238 1138 iniquorum
1262 1051 1494 1116 Sarracenorum
1508 1062 1535 1107 Ρ.
1547 1060 1565 1108 f.
1576 1075 1626 1108 1¹2
1637 1063 1667 1108 D.

454 1183 514 1249 per
535 1157 632 1224 ‘sunm'
645 1154 861 1248 sandiffimnm
885 1149 1046 1240 virtutem.
1058 1179 1175 1223 creator
1197 1156 1258 1224 celi
1278 1153 1310 1222 θ
1330 1179 1417 1240 terre,
1441 1158 1495 1252 qni

459 1267 536 1332 vivit
554 1262 584 1330 δ’
601 1287 708 1355 regnat
726 1266 757 1329 in
765 1263 872 1355 secula
886 1262 1087 1354 seculorum!
1103 1266 1214 1331 cAmen.
1239 1265 1373 1331 Domine
1384 1273 1396 1320 ³
1408 1263 1494 1353 [besu

464 1373 591 1461 Christe,
617 1375 670 1460 qui
680 1395 741 1461 pro
758 1371 843 1437 nobis
859 1373 1017 1437 humanam
1035 1395 1153 1437 carnem
1170 1369 1353 1462 affumpfifli,
1370 1391 1495 1436 mortem

462 1477 493 1546 ἃ
504 1477 668 1571 pnffionem
685 1475 910 1568 subtinuistide
933 1478 985 1545 die
1008 1481 1099 1544 tertia
1118 1479 1303 1569 resurrexisti
1327 1475 1359 1544 θ
1377 1480 1445 1567 post
1462 1475 1495 1541 xl

461 1587 528 1654 dies
545 1586 639 1654 celum
663 1586 831 1676 ascendisti,
852 1612 888 1654 ne
908 1588 1056 1678 respicias
1077 1587 1117 1653 nd
1129 1610 1255 1679 peccata
1275 1583 1307 1652 θ
1325 1585 1366 1651 nd
1373 1584 1494 1676 scelera

463 1698 573 1784 nostra,
581 1693 642 1784 sed
660 1692 789 1780 attende,
808 1717 942 1783 proquo
962 1695 1011 1758 nic
1019 1693 1128 1783 sumus
1149 1695 1338 1784 congnegnti.
1365 1691 1494 1759 cAdiuvn

463 1824 529 1886 nos,
556 1800 681 1890 Christe,
704 1797 970 1892 quiaficutpnlme
983 1800 1089 1890 perse
1109 1824 1167 1866 non
1178 1798 1494 1890 poffuntferrefmc·

460 1931 533 1996 nnn,
559 1911 615 1997 nifi
632 1906 796 1996 manserint
812 1910 843 1973 in
858 1910 919 1974 vite
937 1901 1078 1994 (ioann,
1097 1923 1159 1994 XV,
1176 1907 1228 2000 4),
1254 1909 1299 1973 im
1311 1929 1366 1972 nos
1387 1906 1495 1997 absque

461 2017 527 2081 Uei
544 2011 660 2080 auxilio
677 2036 790 2080 certare
801 2016 967 2102 nequimus,
990 2011 1104 2102 &quia
1118 2019 1198 2106 ficut
1217 2039 1287 2081 aves
1312 2017 1389 2080 inter
1406 2012 1494 2102 lupos

458 2125 518 2208 fine
529 2125 646 2212 pastore
660 2122 890 2213 contremiscunt
904 2115 963 2204 (cf.
980 2121 1104 2207 loann.‚
1116 2137 1154 2207 Χ,
1175 2121 1245 2211 12),
1262 2124 1306 2187 im
1317 2143 1401 2188 nosn
1416 2122 1494 2187 Tur·

460 2230 503 2294 cis
522 2230 691 2295 conturbati
702 2235 769 2323 fine
791 2232 883 2318 vestro
902 2229 1057 2295 adimorio
1086 2252 1137 2295 eos
1158 2229 1298 2317 infestare
1322 2252 1381 2295 non
1389 2226 1494 2320 poffie·

459 2359 535 2402 mus.
566 2333 673 2403 finitis
696 2329 861 2423 omnibus,
878 2346 896 2391 4
914 2332 1082 2404 lanuenses
1105 2333 1221 2402 virtute
1244 2333 1382 2402 Domini
1394 2331 1612 2413 nostrinifis5
1626 2353 1658 2397 A.

460 2438 549 2509 lhesu
567 2439 686 2510 Christi
705 2439 861 2513 crucifixi
879 2466 898 2510 a
914 2438 1061 2536 predista
1075 2463 1161 2509 turre
1177 2437 1385 2535 indempnes,
1402 2438 1493 2510 scalis

460 2546 526 2616 fere
537 2544 690 2617 omnibus
703 2547 831 2638 mistis,
846 2544 1039 2630 secefferunt
1050 2548 1096 2637 ἃ,
1110 2544 1192 2616 dum
1202 2545 1263 2617 hec
1272 2568 1456 2643 agerentur,
1468 2557 1481 2605 ⁵

460 2653 581 2751 Pagani
597 2655 632 2724 ἃ
648 2654 815 2724 Sarraceni
830 2679 907 2724 cum
924 2653 1025 2751 galeis
1042 2655 1077 2723 &
1093 2648 1220 2723 barchis
1234 2679 1293 2749 per
1307 2650 1432 2724 flumen
1449 2649 1494 2723 ad

460 2762 624 2855 pontem⁶
640 2759 901 2831 Christianorum
918 2758 1177 2858 expugnandum
1193 2783 1363 2852 venerunt,
1393 2785 1508 2856 quem-

462 2863 527 2935 due
557 2865 651 2964 galee
676 2865 935 2940 Christianorum
962 2864 1198 2958 custodiebant,
1228 2893 1329 2938 unam
1355 2893 1495 2963 quarum

461 2972 582 3070 Pagani
608 2971 865 3062 combufferunt,
886 2988 900 3032 7
919 2974 1019 3046 altera
1045 2974 1171 3045 fortiter
1194 2999 1271 3044 cum
1294 2970 1368 3070 ipfis
1393 2999 1493 3070 expu-

462 3081 576 3176 gnavit
591 3082 627 3150 ἃ
644 3105 721 3151 cum
736 3080 804 3152 aliis
825 3083 910 3174 viris,
930 3083 986 3178 qui
994 3080 1038 3152 ad
1051 3078 1305 3152 succurrendum
1317 3107 1392 3152 eam
1403 3081 1492 3154 velo-

459 3187 537 3258 citer
560 3213 720 3259 venerunt
732 3186 837 3285 ipsam
862 3211 1002 3285 pontem
1018 3185 1244 3260 defenderunt.
1262 3188 1492 3284 Prospicientes

459 3292 645 3385 Christiani,
668 3294 761 3391 quod
774 3295 908 3368 fortuna
925 3295 969 3366 eis
985 3292 1065 3366 effet
1076 3293 1220 3386 adversa,
1234 3292 1401 3366 dicebantz
1423 3298 1490 3364 Do·

459 3409 539 3471 mine
561 3406 648 3497 ihesu
667 3405 793 3494 Christe,
820 3429 935 3474 creator
953 3404 1012 3472 celi
1028 3404 1058 3472 6⁴
1074 3428 1162 3493 terre,
1187 3409 1239 3472 cui
1256 3409 1357 3472 omnia
1373 3404 1490 3492 celestia

459 3509 658 3600 &terrestria
668 3511 888 3601 subiiciuntur‚
913 3515 965 3599 qui
979 3536 1041 3602 pro
1061 3512 1146 3579 nobis
1163 3511 1199 3577 de
1209 3514 1355 3604 potestate
1374 3508 1491 3577 diaboli

458 3617 644 3685 redimendis
662 3621 693 3685 in
711 3617 850 3685 mundum
868 3620 984 3707 venisti,
1001 3642 1036 3685 ne
1056 3620 1203 3710 respicias
1215 3615 1228 3660 ⁸
1241 3640 1368 3709 peccata
1384 3621 1489 3708 nmina,

497 3875 507 3908 1
525 3860 550 3911 P.
561 3877 605 3911 om.
612 3858 775 3926 sententiantes
791 3861 929 3913 Cernentes
944 3898 968 3912 ..
981 3898 987 3910 .
1000 3858 1153 3924 clamabant,
1166 3859 1261 3928 legens.-
1275 3857 1393 3912 Videmus
1405 3857 1490 3926 itaque

460 3937 592 3991 Christiani
609 3939 681 3991 vaide
703 3938 843 4008 plorabant.
865 3968 899 3979 -
915 3959 929 3991 2
948 3940 974 3992 P.
999 3957 1043 3992 om.
1067 3969 1101 3978 -
1125 3956 1137 4004 3
1161 3940 1187 3991 P.
1214 3957 1258 3992 om.
1283 3939 1395 3992 Domine
1417 3936 1491 4006 usqsoe

459 4035 509 4069 non
523 4015 659 4087 poss'umus.
680 4049 716 4057 -
733 4036 751 4082 4
768 4019 795 4070 P.
814 4021 873 4079 Qua
893 4017 1007 4070 oratione
1023 4018 1097 4071 fabia.
1116 4047 1152 4057 —-
1169 4037 1182 4084 ς
1201 4020 1227 4071 Ρ.
1245 4030 1373 4088 geruntur.
1388 4047 1420 4058 —
1434 4018 1488 4070 6P.

458 4095 551 4151 flumen
566 4114 610 4168 per
625 4108 772 4168 pontem
784 4108 957 4166 pervenerunt.
971 4127 1005 4138 —
1020 4115 1033 4161 7
1048 4099 1088 4151 Μ.
1102 4098 1301 4165 combuxerunt3
1315 4099 1345 4153 P.
1357 4098 1489 4150 combure·

458 4187 523 4230 runt.
537 4207 572 4216 -
586 4181 599 4228 8
616 4178 642 4230 P.
658 4176 768 4248 espicias.
