3462 5110
498 373 537 424 IN
556 374 754 430 OBSIDIONE
774 377 973 431 DAMIATE.
1187 385 1251 460 157

222 621 334 663 erucem
361 620 471 680 veram,
487 621 523 663 nt
546 597 692 690 respicias
717 600 758 666 ad
783 604 960 690 iniquitates
985 606 1109 694 neuster,
1127 607 1188 696 sed
1212 608 1326 688 ad1219

129 703 131 706 ’
213 703 322 791 fidem,
347 727 474 796 propter
502 729 588 793 quam
604 712 846 798 peregrinamur,
873 711 999 777 concede
1017 717 1187 805 propicius,
1218 738 1253 782 ne

222 814 318 898 nostro
335 812 489 902 sanguine
513 837 617 878 manus
644 817 837 905 Paganorum
860 815 1029 901 abluamur,
1057 825 1109 910 qui
1125 820 1253 889 vivis&

221 941 331 1008 regnos
347 919 434 984 ‘Deus
441 943 498 1008 per
514 923 613 986 omnia
623 921 731 1011 secula
738 921 931 1012 seculorum!
946 928 1057 998 crimen,

270 1021 418 1094 XXXVl.
443 1023 665 1095 Veruntamen
691 1026 820 1122 Pagani,
847 1025 993 1098 videntes
1015 1029 1134 1100 scalam
1159 1031 1255 1128 supra

222 1157 352 1200 murum
382 1127 613 1223 audientesque
644 1131 769 1201 ludium
795 1136 829 1202 ὅ(
853 1133 1034 1229 plandlum,
1058 1138 1114 1231 qui
1132 1161 1200 1208 erat
1220 1139 1253 1207 in

221 1239 356 1308 circuitu
386 1262 513 1328 eorum,
548 1239 640 1334 super
669 1238 809 1308 infantes
843 1243 877 1310 &
906 1243 1054 1312 mulieres
1088 1240 1254 1316 dixerunt:

225 1348 309 1439 Quid
329 1349 510 1438 sociemus?
537 1347 673 1448 Oportet,
704 1373 759 1415 nos
771 1350 864 1442 fimus
882 1354 960 1418 mori
981 1378 1046 1418 cum
1070 1357 1144 1441 tylis,
1171 1341 1255 1422 ante-

222 1478 309 1544 quam
328 1456 496 1521 incidamus
515 1458 545 1520 in
564 1480 669 1522 manus
684 1460 803 1544 istorum
811 1456 994 1547 sclavorum.
1022 1457 1152 1549 Nescio,
1171 1485 1254 1554 quo·

223 1558 326 1628 modo
346 1559 502 1650 fecerunt,
529 1558 619 1654 quod
643 1562 730 1631 iuxta
753 1561 898 1631 nostrum
917 1560 1072 1633 fossatum
1088 1568 1255 1637 venientes

209 1689 291 1735 'tam
303 1663 434 1735 crudele
451 1663 572 1736 bellum
585 1663 679 1737 nobis
697 1667 885 1758 intulerunt,
904 1667 997 1764 quod
1009 1670 1166 1764 palatium
1180 1673 1255 1742 nos-

221 1796 308 1842 trum
333 1772 501 1842 diruerunt
525 1775 560 1843 &
576 1771 765 1845 berenescas
786 1776 908 1845 nostras
927 1778 1084 1871 quinque,
1112 1782 1146 1848 ἃ
1172 1779 1255 1874 plus-

222 1902 321 1971 quam
340 1877 407 1949 duo
426 1879 514 1948 milia
532 1878 691 1974 usquead
714 1881 820 1951 nostra
837 1883 1038 1954 intraverunt
1055 1887 1204 1974 tentoria,
1222 1886 1256 1954 ἃ

221 1984 358 2081 quidam
382 1985 556 2057 amiraldus
574 1985 729 2057 incedens
746 1987 911 2059 clamabat
928 1987 1056 2061 dicens:
1075 1997 1256 2085 ¹7³<osterest

221 2096 373 2162 Dominus
394 2095 579 2163 ffrsacltomer
594 2095 624 2163 ὃ
642 2122 698 2164 non
721 2098 879 2192 Christus!
905 2093 1084 2167 Audientes
1107 2097 1171 2166 hoc
1195 2100 1255 2166 mi-

219 2201 291 2270 lites
309 2203 343 2270 &
360 2199 532 2296 templarij,
559 2203 615 2296 qui
641 2199 686 2272 ibi
713 2201 860 2289 aderant,
889 2203 1066 2274 contristati
1090 2202 1256 2277 dixerunt:

224 2312 493 2403 Qidfaciemus?
509 2313 621 2402 sugere
634 2337 691 2379 non
702 2312 833 2379 ualemus
843 2317 857 2380 s
873 2310 917 2400 Et,
932 2311 1089 2380 invocato
1104 2312 1255 2390 Domino

221 2417 255 2486 in
274 2413 485 2506 adiutorium,
513 2417 658 2486 exierunt
682 2417 827 2486 foras&
851 2416 935 2506 illos,
965 2416 1021 2510 qui
1044 2418 1253 2506 intraverant,

222 2520 412 2594 ferocissime
426 2525 597 2593 eiecerunt.
616 2521 679 2593 Sed
693 2526 727 2593 &
739 2521 969 2612 admiraldum,
989 2524 1045 2617 qui
1057 2523 1160 2618 impia
1177 2549 1255 2619 pro·

222 2628 337 2698 tulerat
367 2628 464 2700 verba
488 2631 574 2699 intus
601 2631 746 2700 occisum
775 2655 974 2725 repererunt,
1000 2628 1107 2724 ficque
1136 2631 1255 2728 Pagani

221 2735 336 2832 fugam
350 2737 500 2808 inierunt.
517 2737 743 2807 Veruntamen
759 2737 878 2806 multos
893 2761 1077 2808 truncantes
1096 2736 1255 2833 capitibus

221 2847 255 2913 ἃ
279 2841 488 2913 manibus&
515 2841 652 2940 pedibus
678 2846 711 2913 in
740 2869 861 2939 campo
887 2844 1030 2914 iacentes
1055 2841 1255 2936 dimiserunt,

222 2953 278 3047 qui
295 2949 358 3023 fine
377 2977 514 3021 numero
534 2951 672 3022 suerunt.
697 2949 761 3022 Sed
779 2950 893 3020 consul
911 2952 1036 3021 Pisanus
1060 2977 1137 3021 cum
1162 2953 1256 3046 quin-

222 3059 329 3134 decim
346 3057 500 3129 militibus
524 3062 559 3128 &
583 3059 683 3129 nostri
698 3060 869 3130 vidioriam
888 3055 1073 3128 obtinentes
1093 3083 1169 3127 cum
1185 3058 1255 3129 leti-

222 3167 266 3235 tia
294 3167 367 3236 sunt
395 3163 518 3253 revers,
543 3164 711 3236 laudantes
742 3166 777 3234 ὃς
803 3162 1025 3260 glorificantes¹
1050 3167 1171 3254 Deum,
1198 3167 1255 3259 qui

222 3274 326 3346 salvos
345 3274 422 3344 facit
440 3274 603 3370 sperantes
621 3274 655 3342 in
672 3274 712 3343 le.

262 3495 313 3559 ‘De
329 3495 546 3586 expugnatione
564 3496 668 3581 quinta
685 3488 914 3581 &quorundam
926 3493 1100 3582 principum
1119 3490 1211 3556 obitu.

269 3703 428 3775 XXXVll.
456 3707 490 3772 ln
512 3701 564 3772 die
580 3701 885 3799 Tranffigutationis
906 3704 1056 3790 Domini,
1084 3703 1203 3773 scilicet
1219 3706 1254 3775 in

222 3812 302 3884 festo
320 3811 531 3898 sanctisimi,
557 3809 728 3880 Christiani
752 3834 1029 3906 oppugnaverunt
1046 3808 1172 3899 urbem,
1194 3812 1254 3880 im·
1269 3843 1327 3899 Aug.
1339 3841 1361 3886 ⁶.
1394 3847 1397 3852 ¹

222 3918 347 4015 plentes
358 3914 524 4006 fossatum,
539 3917 633 4012 super
647 3914 738 4011 quod
753 3940 857 3985 cattus
872 3919 978 3986 noster
993 3914 1160 3987 ducendus
1173 3943 1252 4005 erat,

97 4047 114 4094 f.
129 4048 175 4094 180
187 4047 209 4092 b.
223 4028 279 4122 qui
297 4023 443 4119 undique
457 4025 580 4103 ferreus
598 4048 676 4113 erat,
700 4048 877 4119 perquem
893 4049 955 4094 nos
973 4025 1072 4095 etiam
1090 4027 1254 4096 civitatem

222 4129 342 4202 habere
360 4129 454 4228 posse
470 4129 688 4229 sperabamus.
711 4128 848 4205 Civibus
866 4156 974 4202 autem
992 4132 1173 4203 monstrum
1191 4128 1254 4204 sive
