3462 5110
464 401 513 475 70
749 380 800 451 mr
826 397 985 450 rrrrtuus
1009 396 1212 450 rarsorvvrn.

346 621 436 745 Αῑξῐξ
465 653 485 698 a
502 623 618 696 dextris
635 623 755 713 relida,
774 622 851 693 feria
868 622 956 693 sexta
968 633 978 669 ¹
991 622 1211 718 Sarragosam,
1228 645 1294 717 que
1309 621 1496 692 Siracusana

464 727 592 822 dicitur,
610 731 744 803 feliciter
760 731 971 828 contigimus,
994 725 1060 802 160
1074 724 1249 800 miliaribus
1263 753 1283 798 a
1295 727 1419 798 Maltha
1435 726 1496 799 dis·

464 859 597 910 tantem.
614 837 662 909 13st
678 862 788 909 autem
804 837 991 909 Siracusana
1009 833 1098 906 sedes
1115 834 1309 932 episcopalis
1327 832 1370 904 ad
1388 835 1495 906 orien-

464 965 533 1014 tem
556 943 661 1016 Sicilie
685 945 769 1016 inter
788 944 954 1014 Mazaram
973 943 1007 1012 ἃ
1024 940 1219 1029 Cataneam,
1248 937 1304 1010 ubi
1322 937 1411 1010 diem
1430 941 1495 1013 Pal-

345 1082 400 1142 apr.
414 1080 435 1126 s.
464 1075 594 1121 marum
611 1049 808 1122 sollemniter
823 1046 1068 1136 celebravimus,
1088 1047 1264 1141 canonicis
1282 1044 1427 1118 eiusdem
1444 1073 1496 1120 ec·

464 1154 555 1228 clefie
573 1182 702 1228 morem
717 1157 906 1228 latinorum
923 1181 982 1252 per
1000 1155 1114 1224 omnia
1131 1149 1348 1247 sequentibus.
1367 1153 1497 1251 Qarta

345 1285 401 1346 apr.
414 1297 450 1334 ιι,
464 1262 543 1333 feria
559 1265 711 1360 proxima
727 1253 805 1334 inde
830 1260 1028 1349 recedentes,
1045 1285 1103 1355 per
1118 1264 1232 1330 nostes
1249 1262 1283 1330 ὅ(
1302 1257 1371 1330 dies
1393 1264 1496 1332 ventis

355 1397 400 1458 ap.
414 1409 424 1442 1
428 1408 449 1458 ς.
463 1366 507 1439 ust
520 1369 690 1465 prosperis,
703 1368 760 1440 sed
772 1370 913 1440 nimium
925 1365 1049 1456 validis,
1063 1367 1097 1436 in
1109 1363 1161 1436 die
1175 1365 1287 1436 sancio
1301 1366 1421 1462 pasche
1437 1367 1495 1439 sub

462 1474 562 1547 Creta
579 1476 682 1548 insula
697 1475 741 1548 ad
754 1475 963 1547 occidentem
980 1472 1139 1544 anchoras
1157 1473 1366 1568 proiecimus,
1384 1479 1419 1546 &
1435 1473 1493 1546 ibi·

462 1580 540 1653 dem
560 1607 631 1655 tota
647 1586 747 1654 nodie
761 1583 870 1654 iactati
886 1577 1037 1652 lludibus
1050 1582 1085 1650 ἃ
1097 1578 1260 1675 procellis,
1279 1605 1386 1675 preter
1402 1582 1497 1678 spem

462 1690 526 1760 Dei
543 1688 765 1761 misericordia
780 1689 905 1778 servati,
920 1713 1018 1758 mane
1031 1685 1180 1776 insulam,
1196 1710 1261 1781 que
1274 1687 1398 1759 Sikilon
1416 1686 1495 1758 dici·

462 1819 524 1886 mr,
541 1797 726 1868 accessimus
743 1821 820 1866 cum
837 1792 937 1866 tribus
955 1817 1083 1865 tantum
1101 1790 1251 1882 navibus,
1268 1818 1411 1888 quorum
1431 1794 1496 1866 due

461 1905 496 1973 in
515 1926 613 1999 portu
636 1899 803 1974 tenacibus
821 1901 971 1972 anchoris
988 1900 1217 1970 remanserunt.
1236 1901 1307 1972 Nos
1323 1925 1414 1993 vero,
1432 1902 1494 1973 fal·
1519 1963 1520 1966 ,
1601 1969 1607 1982 ,

459 2011 547 2082 lente
565 2010 721 2099 anchora,
739 2011 844 2083 ventis
858 2006 1015 2105 opposrtis
1034 2033 1054 2078 a
1068 2031 1165 2103 portu
1178 2006 1306 2104 repulfi,
1324 2009 1411 2078 circa
1426 2008 1494 2080 ves·

460 2143 554 2215 peras
572 2117 629 2189 sub
646 2118 748 2190 Creta
761 2118 882 2212 recepti
899 2113 941 2186 ad
959 2114 1161 2210 aquilonem,
1185 2137 1255 2185 tota
1272 2118 1371 2187 noste
1388 2114 1493 2186 ventis

461 2222 505 2294 uh
522 2223 681 2316 secundis,
706 2223 760 2296 die
780 2220 926 2295 secundo
950 2221 992 2292 ad
1009 2221 1178 2318 vesperam
1195 2218 1363 2292 Candiam
1380 2223 1492 2293 civita·
1555 2250 1559 2258 ¹

461 2355 529 2403 tem
540 2334 759 2428 pervenimus,
777 2328 833 2402 ubi
846 2325 1062 2401 acustodibus
1071 2328 1173 2398 insule
1186 2326 1358 2425 diligenter
1371 2325 1493 2419 edocli,

462 2464 526 2536 que
540 2436 651 2529 sidera,
669 2463 769 2534 quam
780 2437 841 2508 celi
854 2436 991 2534 plagam
1006 2431 1098 2530 sequi
1110 2431 1302 2507 deberemus
1323 2431 1493 2504 tendentes

461 2547 569 2618 versus
598 2548 707 2637 Acon,
745 2544 820 2640 post
849 2542 922 2614 solis
951 2543 1105 2612 occasum
1133 2565 1268 2638 porrum
1290 2539 1493 2635 linquentes,

462 2652 567 2725 ventis
583 2654 618 2721 ἃ
639 2651 721 2722 mari
742 2651 814 2749 plus
840 2675 940 2746 quant
968 2674 1028 2745 pto
1051 2671 1132 2720 voto
1158 2645 1410 2736 blandientibus,
1440 2646 1493 2720 die
1550 2731 1553 2735 Δ

356 2787 401 2848 Ap.
414 2788 451 2834 2⁶.
463 2759 611 2856 septima,
624 2759 770 2854 sequenti
782 2755 835 2827 die
846 2756 921 2853 post
929 2755 1031 2826 Marci
1043 2753 1247 2852 evangeliste,
1260 2777 1395 2852 portum
1404 2757 1493 2826 Aco-

463 2867 597 2936 nensem
619 2862 800 2962 gaudentes
818 2863 1020 2952 intravimus,
1045 2862 1222 2958 gratiarum
1241 2862 1397 2952 astiones,
1422 2888 1493 2933 non

463 2996 543 3068 quas
561 2967 732 3042 debuimus
757 2968 814 3040 sed
831 2993 911 3064 quas
928 2968 1108 3065 potuimus,
1131 2967 1307 3038 referentes
1325 2970 1411 3060 Deo,
1437 2971 1493 3066 qui

461 3077 555 3151 nobis
569 3081 662 3150 omni
674 3078 816 3149 humane
830 3076 989 3147 societatis
1002 3073 1117 3146 solatio
1131 3074 1287 3147 destitutis
1294 3101 1388 3149 tanto
1401 3074 1494 3148 affuit
1505 3114 1526 3159 ρ.
1537 3099 1591 3157 483·

460 3186 513 3256 sue
530 3186 657 3281 pietatis
676 3182 826 3281 prehdi0,
852 3207 888 3254 ut
906 3183 979 3280 post
1003 3181 1123 3252 multos
1140 3181 1268 3256 labores
1287 3186 1398 3280 requie
1415 3210 1490 3256 cor·

458 3294 548 3391 poris
561 3291 698 3380 indulta,
716 3292 836 3364 docere
848 3289 1011 3362 videretur
1019 3287 1173 3386 expresse,
1191 3315 1256 3387 que
1271 3289 1307 3361 stt
1318 3288 1492 3364 beatorum

459 3400 533 3496 post
555 3398 671 3470 mundi
688 3398 831 3496 pericula
856 3397 963 3468 futura
989 3397 1115 3492 requies
1133 3399 1337 3491 animarum,
1362 3401 1398 3469 ἃ
1415 3425 1493 3471 tunc

378 3506 380 3512 ’
459 3506 595 3578 demum
614 3532 678 3603 que
695 3503 772 3602 passi
786 3506 904 3576 fuimus
916 3502 1136 3600 periculorum
1149 3505 1332 3579 meminisse
1350 3507 1490 3594 juvabat.

460 3617 581 3686 Amen.

497 3794 507 3826 r
522 3773 555 3842 iiij
565 3773 647 3843 prius,
659 3773 714 3825 ead.
727 3791 801 3826 manu
810 3791 873 3825 corr.
887 3773 912 3824 in
926 3775 949 3841 vj
960 3774 986 3826 r'n
1001 3779 1028 3826 A.

917 3945 1036 4200 Q
