3462 5110
564 384 771 436 onsmrours
788 384 989 439 namara.
1246 370 1291 463 85

261 628 381 673 norum
394 606 429 674 &
442 605 695 675 sarracenorum
708 604 822 674 Beatus
837 607 1015 702 Georgius,
1033 607 1128 676 armis
1141 604 1222 676 albis
1242 608 1293 677 in·
1307 641 1366 689 1219

260 710 369 798 durus,
388 713 423 781 &
451 707 702 782 innumerabiles
725 711 840 782 milites
860 738 938 782 cum
962 739 1014 802 e0,
1031 711 1172 784 similiter
1196 714 1293 785 armis

259 815 340 888 albis
355 821 412 888 ¹&
427 814 564 890 vestibus
582 815 730 887 candidis
745 816 860 890 induti.
878 818 1037 890 Videntes
1054 844 1162 890 aurem
1175 821 1295 918 Pagani

261 950 328 1015 eos,
343 926 434 995 cursu
448 923 648 996 velocissimo
661 938 676 970 ²
687 951 726 995 ex
735 924 877 1022 predote
891 951 1016 1023 magno
1030 927 1207 1014 venientes,
1220 954 1293 1024 per·

260 1032 360 1101 territi
378 1031 493 1128 sugam
506 1055 664 1127 ceperunt
679 1033 714 1101 ἃ
732 1032 892 1129 fugientes
911 1058 973 1103 nec
990 1058 1083 1129 pater
1099 1031 1214 1123 filium,
1231 1058 1293 1104 nec

259 1137 342 1208 filius
360 1161 488 1236 patrem
510 1136 725 1234 exspesiabar,
745 1140 846 1210 castra
859 1143 894 1210 &
911 1141 1035 1227 omnia,
1054 1165 1118 1234 que
1135 1140 1293 1211 incastris

261 1241 438 1334 habebant,
455 1246 583 1340 penitus
596 1245 825 1340 relinquentes
842 1250 878 1317 &
890 1260 901 1305 ³
914 1247 1013 1316 eriam
1026 1246 1213 1338 Christiani,
1228 1247 1293 1318 hoc

262 1348 442 1443 audientes
468 1376 629 1448 magnum
646 1350 829 1424 habuerunt
846 1356 1009 1424 timorem.
1036 1353 1148 1424 Altera
1166 1352 1219 1424 die
1237 1381 1293 1424 ve-

261 1459 382 1548 niente,
413 1483 495 1528 unus
521 1485 560 1528 ex
584 1459 730 1558 Paganis,
757 1461 872 1556 quiin
900 1484 1022 1554 campo
1048 1461 1255 1549 remanserat,
1278 1474 1294 1519 4

261 1566 393 1636 vocavit
417 1564 618 1636 Christianos
643 1568 677 1635 ὅ(
696 1564 776 1636 dixit
799 1568 859 1638 eis:
893 1571 1007 1658 Venire,
1032 1574 1104 1658 quia
1130 1571 1293 1638 sarraceni

253 1677 368 1765 fugam
387 1698 524 1768 ceperunt
542 1673 573 1740 ὃ
590 1679 682 1763 castra
700 1701 765 1742 cum
784 1679 919 1744 omnibus
935 1678 1130 1767 dimiserunt!

309 1778 393 1849 XVI.
414 1778 495 1874 Quo
510 1779 610 1868 fatto,
625 1778 809 1869 Christiani,
823 1780 866 1851 ad
878 1781 1172 1878 castrapergenteS‚
1185 1805 1293 1878 temp-

261 1887 390 1957 toria&
403 1887 527 1972 omnia,
543 1910 608 1979 que
624 1887 658 1954 in
677 1887 783 1956 eastris
801 1886 946 1974 aderant,
969 1884 1153 1958 habuerunt
1165 1891 1200 1958 ἃ
1212 1890 1296 1958 inter

261 1990 293 2060 se
310 1987 494 2063 diviserunt.
517 1993 552 2063 Et
569 2017 647 2062 tunc
665 1993 840 2064 Christiani
861 1993 1088 2065 intellexerunt
1106 1995 1141 2062 &
1161 1992 1295 2065 firmiter

262 2095 479 2186 crediderunt,
493 2111 505 2160 5
519 2098 611 2194 quod
621 2101 786 2171 Dominus
797 2101 903 2170 noster
913 2100 1015 2170 ihesus
1025 2100 1170 2170 Christus
1179 2101 1294 2171 Cruci·

261 2202 342 2274 fixus
365 2203 446 2276 mist
464 2206 580 2276 milites
592 2208 666 2276 suos
679 2205 721 2276 ad
735 2205 995 2304 expugnandum
1009 2207 1156 2304 Paganos
1173 2209 1208 2276 &
1223 2209 1294 2278 Sar·

262 2338 408 2385 tarenos.
428 2312 462 2382 Et
469 2315 504 2382 in
513 2313 560 2382 his
570 2311 683 2385 diebus
693 2316 844 2411 apparuit
856 2314 1036 2383 Sarracenis
1052 2312 1197 2407 quedam
1206 2317 1294 2384 terri·

263 2418 333 2491 bilis
344 2445 409 2493 vox
422 2418 580 2491 dicendo:
598 2426 704 2515 Fugite
717 2422 748 2489 δ’
761 2428 803 2490 ire
819 2428 899 2491 viam
912 2426 1034 2512 vestram
1048 2420 1112 2516 &fi
1125 2448 1195 2508 norr,
1213 2449 1293 2491 mor·

262 2536 308 2597 rui
319 2529 332 2574 ⁶
344 2533 450 2599 eritis!
467 2526 502 2596 Et
514 2527 575 2598 hec
588 2553 654 2599 vox
668 2553 725 2622 per
739 2551 846 2598 torum
860 2528 1035 2598 exercitum
1048 2524 1117 2596 ibat
1130 2525 1293 2598 dicendo:

263 2640 379 2728 Fugite,
393 2639 511 2728 fugire,
528 2662 594 2704 erce
608 2639 772 2726 Christiani
793 2662 846 2705 vor
867 2661 965 2704 omnes
989 2638 1145 2705 occident!
1156 2645 1170 2691 7
1190 2633 1225 2703 Er
1248 2636 1295 2705 ita

263 2742 427 2812 Sarraceni
453 2740 568 2838 sugam
592 2766 758 2836 ceperunt,
784 2744 818 2810 ἃ
834 2738 876 2810 stc
893 2764 986 2836 parer
1002 2766 1072 2810 nort
1090 2739 1295 2835 exspesiabar

262 2847 366 2918 filium
390 2848 569 2942 &semper
593 2847 654 2917 hec
678 2873 745 2919 vox
762 2846 922 2918 dicendo:
951 2852 1056 2942 Quae
1079 2875 1136 2917 ron
1149 2853 1294 2942 fugitis?

263 2961 337 3024 Eece
356 2959 521 3046 christiani
525 2957 680 3048 sequendo
694 2958 829 3024 occident
841 2961 912 3024 voss
930 2955 964 3024 Er
982 2955 1087 3026 nullus
1102 2953 1294 3049 sequebatur

264 3087 332 3148 eos,
357 3064 391 3131 &
407 3059 469 3129 hec
487 3085 552 3131 vox
572 3064 606 3131 &
623 3058 789 3131 tribulatio
805 3087 865 3156 per
891 3084 953 3130 tres
972 3059 1040 3131 dies
1057 3060 1184 3131 duravit
1199 3062 1295 3157 super

107 3192 140 3238 u.
153 3190 169 3238 f.
182 3194 211 3253 ⁶3
224 3193 250 3238 u.
262 3170 465 3239 Sarracenos.
485 3169 581 3238 Tunc
594 3166 768 3236 Christiani
787 3165 882 3238 valde
898 3169 1075 3238 timuerunt
1094 3164 1136 3238 de
1151 3193 1293 3258 rumore,

301 3451 311 3482 1
329 3434 356 3484 P.
372 3431 435 3483 albis
448 3431 536 3484 armis.
552 3461 587 3469 -
605 3432 659 3484 21³.
673 3430 823 3483 velocissimo
836 3431 915 3482 cursu.
930 3460 962 3468 -
978 3447 990 3494 3
1005 3431 1030 3481 P.
1045 3433 1108 3483 add.
1124 3461 1159 3468 —
1172 3450 1188 3495 4
1202 3431 1240 3482 M.
1256 3449 1293 3482 re·

263 3512 411 3564 manserunt.
427 3541 459 3550 ·-
475 3531 486 3577 5
502 3513 541 3564 M.
564 3511 702 3564 credentes.
718 3516 781 3562 -6
797 3513 837 3564 M.
852 3510 934 3562 morti.
959 3507 1030 3562 ‘sotus
1047 3510 1130 3578 paffies
1141 3510 1294 3578 sequentes

263 3593 378 3661 apparuit
387 3591 461 3660 usque
472 3591 507 3642 ibi
516 3590 557 3642 trist
568 3591 681 3642 sabulum
694 3591 757 3657 deest
765 3591 790 3641 in
800 3593 837 3655 R,
851 3591 894 3660 qui
896 3592 944 3652 fol.
964 3611 1012 3644 110
1022 3594 1048 3644 D
1060 3593 1085 3643 in
1098 3591 1148 3644 eius
1162 3590 1209 3642 loco
1221 3589 1293 3658 legit:

264 3674 303 3722 Ea
316 3688 376 3723 veto
392 3671 431 3724 die
445 3690 532 3724 omnes
545 3671 676 3724 Christiani
689 3671 836 3723 transierunt
852 3671 945 3723 flumen
961 3670 1056 3740 ingenti
1068 3671 1163 3740 gaudio
1177 3673 1200 3722 δι
1214 3670 1294 3722 letitia

263 3749 430 3803 laudantes&
444 3752 619 3804 benedicentes
633 3751 787 3815 Dominum
801 3751 919 3802 omnibus
928 3751 975 3802 suit
988 3763 1076 3802 notum
1089 3753 1113 3802 δι
1128 3749 1293 3801 manifestum.

264 3833 303 3883 Ea
316 3843 400 3883 autern
414 3832 456 3883 die
469 3831 600 3885 Christiani
617 3849 674 3884 cum
689 3832 800 3900 Paganis
813 3834 837 3883 δι
853 3833 992 3884 Sarracenis
1005 3830 1148 3901 nequissime
1160 3833 1295 3901 preliarunt

264 3909 387 3979 &fugam
400 3922 512 3981 petentes
526 3929 569 3962 eor
583 3911 659 3978 usque
673 3910 708 3962 ad
717 3910 824 3963 civitatis
835 3922 917 3980 partes
928 3911 1048 3980 persecuti
1062 3911 1169 3963 suerunt.
1186 3914 1221 3964 Et
1234 3925 1294 3964 tunc

264 3990 395 4042 Christiani
408 3991 528 4044 Damiate
545 3991 671 4043 civitatem
693 3991 803 4060 undique
824 3991 978 4057 obsiderunt,
999 3991 1034 4042 ita
1047 3992 1116 4060 quod
1132 3991 1212 4043 nullus
1225 3991 1249 4042 in
1264 4009 1294 4043 ea

264 4069 364 4122 civitate
378 4084 477 4139 poterat
492 4072 583 4126 intrare
595 4088 642 4125 nec
655 4069 722 4125 exire
734 4070 776 4123 nist
790 4089 833 4144 per
848 4071 1044 4127 Christianorum
1059 4089 1157 4126 manus.
1174 4100 1205 4109 -
1220 4090 1234 4135 7
1250 4072 1291 4126 M.

264 4150 413 4206 occidendo.
