3462 5114
440 396 443 402 -
525 368 565 420 ru
584 357 785 420 ous‘1o1oun
804 365 1004 418 unumve.
1214 339 1275 414 161

254 489 677 502 W—
990 484 1276 494 --—--——·--—-—---

255 702 306 766 ‘De
324 699 481 765 undecimo
501 701 694 788 Pugunorum
718 697 845 764 adventu
866 693 1086 784 &perdicione
1107 697 1279 782 nostrorum.
1300 725 1364 772 1219.

130 925 146 974 f·
162 927 236 974 181b·
301 909 421 982 XLVII.
449 912 484 979 ln
504 905 558 978 die
581 909 777 979 sannorum
794 907 917 978 Cosme
935 910 969 978 ἃ
988 908 1144 978 Damiani
1168 909 1285 977 iterum
1299 920 1358 980 Sent·
1370 933 1407 977 27-

250 1039 410 1089 venerunt
426 1040 501 1090 ante
516 1015 662 1085 nostrum
680 1011 846 1104 fossatum,
862 1016 1007 1110 &pauci
1024 1013 1066 1084 de
1079 1015 1192 1086 nostris
1211 1039 1283 1084 exe-

251 1148 344 1194 untes
370 1125 437 1196 cito
463 1120 558 1194 occist
578 1123 651 1192 sunt
669 1119 710 1192 ab
728 1123 781 1192 eis.
810 1127 842 1192 sn
859 1122 931 1216 ipso
958 1120 1010 1192 die
1028 1119 1184 1207 volebant
1208 1147 1285 1192 cum

250 1227 351 1301 herba
377 1230 524 1300 nostrum
549 1228 686 1327 implere
712 1226 868 1300 fossatum
888 1230 1002 1324 &pre
1030 1226 1144 1300 validis
1166 1226 1285 1301 viribus

249 1337 429 1434 supernos
457 1339 577 1409 venire.
613 1339 710 1408 Tunc
736 1333 803 1405 duo
829 1360 868 1406 ex
892 1335 953 1406 illis
978 1359 1130 1408 exeuntes
1154 1333 1197 1406 ad
1223 1361 1285 1406 nos

251 1443 421 1515 dixerunt:
450 1447 479 1514 0
498 1447 675 1536 Christiani,
689 1448 780 1533 firmi
802 1449 908 1533 estote!
934 1449 991 1538 spfi
1009 1450 1085 1512 enim
1103 1445 1207 1513 volunt
1223 1447 1285 1536 ves-

251 1576 326 1621 trum
355 1553 480 1644 implere
497 1552 646 1643 foffuntm
671 1550 702 1618 fr
730 1575 798 1620 unte
823 1577 876 1622 vos
898 1553 963 1619 dies
988 1554 1053 1620 odio
1067 1557 1162 1642 flore,
1183 1552 1286 1645 sedfi

250 1661 341 1728 modo
355 1661 522 1728 habueritis
536 1661 706 1743 vitiorium,
724 1683 833 1726 terrum
849 1663 1044 1750 Puguuorum
1058 1661 1190 1726 obtinere
1198 1683 1286 1751 pote·

250 1769 322 1834 ritis
351 1789 458 1835 rorum.
487 1765 585 1860 Igitur
610 1787 714 1856 quum
738 1764 1053 1859 appropinquaverit
1077 1764 1188 1858 gracia
1212 1765 1286 1853 Dei,

252 1867 407 1942 fossatum
419 1870 578 1957 nostrum,
597 1895 678 1960 non,
694 1894 729 1940 ut
741 1893 1003 1967 preparaverant,
1020 1869 1156 1965 implere
1170 1895 1287 1967 potue·

252 2002 335 2049 runt.
353 1979 449 2048 Tunc
466 2002 636 2049 erexerunt
652 1976 779 2049 castella
802 1975 845 2048 de
860 1978 969 2074 lignis,
988 2000 1102 2048 contra
1121 2001 1182 2046 nos
1203 1978 1286 2072 pres-

253 2084 402 2156 tolanteS.
730 2117 734 2122 ,

301 2190 485 2262 XLVsls-Li.
515 2190 674 2286 Quinque
692 2214 802 2260 autem
828 2187 869 2260 de
887 2189 1011 2275 nostrie,
1039 2188 1128 2259 malo
1146 2188 1189 2260 usr
1205 2216 1286 2262 con-

253 2295 332 2388 silio,
361 2298 503 2394 pecunia
526 2293 569 2366 ab
600 2297 645 2366 eis
676 2319 824 2394 accepta,
851 2297 1041 2366 iuraverunt·
1067 2297 1122 2384 eis,
1148 2319 1288 2392 pontem

254 2404 285 2474 se
316 2404 462 2475 nostrum
488 2404 735 2498 interrupturos,
761 2403 795 2471 ὅ(
824 2402 869 2472 ita
888 2403 1054 2474 Sarraceni
1085 2429 1162 2474 cum
1189 2403 1289 2501 galeis

254 2512 420 2583 civitatem
447 2511 657 2608 intraverunt.
691 2512 781 2580 Deus
799 2534 921 2600 autem,
947 2511 1048 2581 sciens
1066 2511 1290 2606 cogitaciones

254 2616 441 2706 hominum,
457 2618 625 2714 inspiravit
643 2617 698 2686 uni
715 2615 757 2688 de
775 2615 835 2686 ibis
848 2614 1077 2711 penitudinem
1095 2615 1214 2706 defieri,
1232 2617 1289 2713 qui

256 2722 421 2795 confessus
435 2724 480 2794 est
492 2723 567 2794 boc.
588 2726 621 2793 sn
637 2722 700 2792 alia
712 2723 810 2819 igitur
828 2720 881 2794 die
895 2722 1080 2812 Christiani,
1097 2747 1172 2793 cum
1187 2748 1288 2793 manu

256 2830 364 2903 valida
390 2854 553 2918 exeuntes,
583 2825 830 2900 combusserunt
858 2827 993 2900 herbam
1018 2830 1215 2916 Sarracenis‚
1251 2855 1290 2899 ex

257 2960 335 3008 tunc
361 2935 557 3017 abeuntibus
582 2959 658 3005 cum
683 2935 811 3005 tristicia
833 2935 994 3029 nobisque
1018 2935 1137 3030 placita
1159 2933 1291 3007 firmare

257 3042 455 3135 volentibuq
472 3069 513 3114 eo
534 3041 627 3138 quod
645 3044 734 3113 Deus
752 3039 889 3113 visitaret
906 3040 1038 3137 plebem
1055 3043 1155 3113 suam.

553 3262 603 3326 De
619 3261 760 3352 occifione
779 3259 986 3348 Paguuotum.

306 3474 437 3546 [ΙΙ-[ΙΙΙ.
453 3470 581 3542 infesto
594 3469 758 3540 Omnium
775 3470 968 3541 Sanoiorum
986 3466 1116 3562 Pagmi,
1134 3464 1292 3558 videntes,
1305 3494 1364 3539 nov.
1381 3508 1398 3540 1.

260 3578 352 3676 quod
377 3605 448 3650 non
472 3600 626 3674 poterant
650 3576 816 3647 civitatem
838 3575 986 3662 retinere,
1016 3571 1172 3645 volebant
1196 3571 1292 3645 nobis

260 3687 385 3760 tradere
399 3711 484 3776 eam,
512 3709 614 3780 quum
629 3685 693 3756 Dei
705 3684 855 3781 potentia
868 3683 913 3752 ita
929 3676 1097 3778 affligebat
1113 3706 1181 3770 eos,
1200 3679 1292 3775 quod

259 3799 312 3868 vix
328 3794 443 3890 aliquis
459 3794 495 3862 in
521 3793 650 3863 civitate
672 3788 794 3884 absque
812 3789 905 3886 gravi
926 3787 1085 3884 languore
1102 3812 1178 3858 erat.
1203 3789 1293 3858 Exie-

259 3925 334 3972 runt
357 3903 468 3996 itaque
495 3897 563 3969 duo
589 3898 728 3987 amiratij
757 3893 799 3966 de
830 3895 959 3965 civitate
985 3895 1021 3964 ἃ
1047 3891 1091 3962 ad
1116 3895 1293 3964 tentorium

261 4005 390 4078 domini
407 4004 509 4102 legati
522 4005 653 4100 &regis
669 4004 837 4074 venientes
853 4000 956 4070 locuti
971 3999 1114 4088 fumeis,
1133 4001 1225 4070 tertia
1242 3998 1294 4068 die

263 4112 434 4188 tradituros
452 4112 484 4182 se
501 4109 691 4182 Christianis
708 4110 884 4179 civitatem.
914 4104 977 4178 Sed
997 4106 1090 4176 tertio
1109 4103 1173 4196 die,
1199 4103 1234 4174 id
1251 4106 1295 4174 ost

1123 4258 1152 4293 21
