3462 5114
517 399 555 452 tn
576 398 777 451 osstntons
795 397 993 451 sautans.
1202 371 1267 449 165

235 643 359 706 ventas,
377 618 597 689 communiter
614 615 656 688 ad
668 617 845 688 exercitum
859 613 1072 687 decreverunt
1085 615 1157 687 fote
1172 615 1270 687 distri·
1284 651 1343 700 1219

235 723 393 814 buendas,
410 723 465 794 sed
482 724 548 794 hoc
565 748 635 795 non
656 725 699 795 est
716 723 933 819 completum,
953 720 1030 792 srcut
1043 723 1266 818 promiserant.

235 831 328 902 Multi
341 855 451 902 autem
465 833 585 901 mortui
598 832 633 900 in
646 831 774 901 civitate
790 852 892 918 erant,
909 830 944 898 ὅ(
961 827 1053 898 multi
1072 854 1129 924 per
1147 827 1268 900 domos

236 940 271 1008 &
290 966 349 1036 per
375 938 465 1009 vicos
491 939 526 1007 ἃ
547 963 605 1033 per
622 938 745 1033 plateas
763 935 914 1031 insepulti
937 931 1098 1022 iacebant,
1125 934 1269 1032 ideoque

236 1042 457 1116 intollerabilis
482 1045 516 1114 in
541 1045 670 1116 civitate
695 1044 779 1113 fetor
799 1069 875 1114 erat.
901 1041 953 1113 De
971 1043 1143 1140 ocioginta
1159 1065 1270 1112 autem

237 1175 392 1247 quattuor
423 1148 575 1241 millibus,
604 1175 688 1244 quos
719 1147 763 1221 ibi
793 1150 965 1245 reliquerat
995 1147 1161 1237 soldanus,
1200 1173 1269 1218 non

207 1245 214 1258 ⁸
237 1283 328 1329 erant
345 1255 410 1330 vivi
424 1255 481 1329 nisr
499 1257 644 1352 quinque
662 1257 752 1327 milia
768 1258 945 1345 Sarraceni,
966 1257 1033 1328 sere
1050 1280 1159 1326 autem
1181 1256 1270 1326 mille

238 1365 456 1435 remanserant
487 1363 649 1458 insepulti,
676 1361 792 1458 quibus
821 1361 912 1432 locus
942 1361 1052 1433 deerat
1079 1361 1268 1457 sepeliendi,

237 1474 374 1568 Signum
393 1497 472 1541 vero
494 1471 602 1540 sandle
622 1471 749 1557 Crucis,
774 1495 876 1564 quam
895 1469 1089 1540 multociens
1116 1470 1269 1559 fecerant,

238 1603 352 1649 coram
369 1577 471 1674 oculis
490 1577 604 1647 nostris
629 1579 663 1647 ὅ(
685 1575 985 1674 flagellaverant&
1011 1573 1271 1667 combusserant3

239 1685 383 1756 Christus
410 1683 508 1754 talem
542 1682 584 1754 ab
611 1685 655 1754 eis
682 1685 811 1779 accepit
835 1682 1025 1771 vindiciam,
1058 1681 1152 1778 quod
1177 1682 1271 1753 multi

239 1813 352 1859 eorum
375 1789 494 1861 morbo
513 1791 633 1861 canino
654 1792 774 1860 mortui
792 1791 874 1881 sunt,
901 1793 936 1859 ἃ
952 1789 1004 1877 alij
1022 1789 1184 1886 languore
1202 1815 1272 1859 ma-

239 1897 347 1986 cerati,
365 1897 418 1988 alij
438 1921 565 1994 guttam
583 1896 672 1992 palsr,
698 1896 750 1986 alij
768 1895 863 1966 occist
887 1897 1062 1992 perierunt,
1089 1897 1124 1965 &
1142 1896 1187 1965 ita
1204 1897 1271 1966 Da·

238 2004 338 2072 miata
356 2004 440 2074 faola
459 2005 503 2074 est
521 2003 641 2076 Christi
658 2002 814 2098 discipula
838 2001 902 2072 fine
920 2003 1085 2099 sanguinis
1104 1999 1269 2088 effusione,

91 2119 132 2166 fol·
148 2120 191 2180 183
205 2135 223 2164 ²·
239 2134 303 2204 que
316 2110 438 2180 sortior
460 2112 559 2181 totius
579 2108 694 2180 mundi
712 2110 816 2205 potest
835 2109 1000 2205 appellari.
1028 2108 1143 2178 Nullus
1162 2131 1272 2178 autem

238 2218 399 2310 princeps,
426 2242 487 2287 nec
510 2217 621 2308 cliens,
646 2243 706 2287 nec
728 2217 819 2286 miles
843 2217 947 2310 potest
973 2215 1025 2287 vel
1043 2213 1141 2286 debet
1166 2213 1207 2285 de
1230 2240 1271 2284 eo

238 2320 381 2419 gloriari,
409 2321 465 2392 nisr
492 2347 603 2394 tamen
622 2326 722 2414 Deus,
749 2323 805 2416 qui
831 2323 957 2416 semper
983 2322 1026 2391 est
1050 2318 1220 2392 laudabilis
1237 2322 1271 2390 in

238 2429 344 2500 secula
361 2429 553 2500 seculorum.
574 2433 692 2500 Amen.
1007 2450 1012 2454 ·

288 2539 398 2630 ltaque
411 2535 612 2606 Christianus
627 2535 783 2606 exercitus
800 2557 876 2603 ante
888 2533 1090 2625 Damiatam,
1107 2534 1141 2602 in
1158 2530 1271 2604 medio

239 2666 321 2712 terre
339 2644 590 2714 sarracenorum
614 2639 795 2729 conditam,
820 2638 901 2711 sedit
917 2665 1041 2711 annum
1059 2641 1221 2737 integrum
1238 2642 1273 2710 ἃ

239 2749 363 2820 menses
394 2751 540 2845 quinque
570 2752 604 2820 ὅ(
631 2746 856 2820 ebdomadam
885 2773 987 2818 unam
1016 2748 1051 2816 ἃ
1079 2745 1148 2817 dies
1178 2744 1273 2838 duos,

241 2878 420 2950 antequam
450 2881 523 2925 eam
553 2853 718 2926 haberent.
750 2853 924 2925 Christiani
951 2877 1062 2924 autem
1091 2849 1274 2925 habuerunt

239 2987 312 3032 eam
330 2987 481 3057 tempore
499 2963 653 3050 Honorij,
672 2959 837 3057 pontilicis
855 2961 983 3052 summi,
1002 2959 1197 3030 &friderici
1211 2961 1273 3029 im·

238 3069 406 3164 peratoris,
425 3068 582 3165 firngente
598 3064 655 3137 sub
673 3065 795 3138 eodem
809 3091 958 3161 tempore
975 3069 1008 3137 in
1027 3064 1148 3137 eodem
1161 3066 1271 3136 Chris-

239 3177 405 3246 tianorum
430 3175 569 3245 exercitu
588 3174 716 3271 Pelagio
736 3171 893 3244 cardinali
918 3198 998 3268 aput
1013 3173 1166 3270 Egiptum
1181 3172 1271 3270 lega·

240 3283 382 3370 cionem,
410 3305 568 3378 regnante
595 3280 738 3350 lohanne
764 3282 890 3370 Accon,
920 3305 1025 3351 nonas
1061 3278 1270 3368 Novembris,
1284 3299 1344 3345 nov.
1358 3313 1379 3360 5.

239 3411 397 3485 regnante
411 3389 561 3458 Domino
579 3389 689 3458 nostro
709 3386 796 3457 lhesu
814 3384 955 3478 Christo,
974 3389 1031 3483 qui
1043 3412 1118 3457 cum
1135 3387 1224 3457 Patre
1236 3388 1271 3456 ἃ

238 3496 357 3591 Spiritu
375 3495 495 3565 Sanslo
522 3495 601 3565 vivit
625 3498 794 3590 &regnat
821 3495 910 3564 Deus
940 3521 999 3591 pet
1025 3495 1140 3564 omnia
1165 3492 1271 3564 secula

240 3602 434 3672 seculorum.
457 3603 575 3672 Amen.
881 3655 895 3682 ,

287 3711 339 3779 De
357 3731 466 3778 cetero
484 3708 686 3778 coherentias
702 3709 866 3795 Damiate,
896 3709 981 3778 circa
1000 3733 1101 3804 quam
1119 3707 1271 3778 Christia-

239 3841 360 3886 norum
375 3839 580 3911 pugnaverat
600 3817 767 3901 exercitus,
800 3813 895 3886 vobis
921 3814 1060 3888 breviter
1086 3813 1271 3912 pandimus.

241 3928 274 3994 ln
292 3922 426 3992 circuitu
453 3923 588 3993 civitatis
606 3923 722 4019 viginti
740 3947 865 3995 novem
889 3924 962 3992 sunt
984 3947 1083 3993 turres
1101 3923 1274 4018 magne&

240 4029 375 4118 munire,
404 4026 500 4099 valde
527 4031 750 4124 prominentes
780 4028 917 4125 quidem
941 4053 1028 4100 extra
1054 4055 1194 4120 mutum,
1217 4028 1274 4100 sed

241 4159 350 4208 tamen
369 4131 477 4208 eidem
495 4134 697 4226 coherentes,
724 4137 809 4208 intra
827 4161 968 4236 quarum
985 4137 1136 4207 omnium
1152 4133 1274 4209 medie·
