3466 5110
656 403 877 457 PRAEFATso.
1245 389 1278 460 ix

244 621 361 685 Crucem
362 622 532 710 sumendam
540 622 675 704 impellat,
683 622 813 710 censeres,
822 633 961 684 auderem
967 631 1122 685 tradatum
1131 624 1278 705 quendam,

242 743 262 782 a
271 719 309 807 se
323 720 473 800 aliquando
487 720 560 782 dolie
575 720 609 781 ld
623 720 730 782 erudite
748 719 943 808 couscriptum,
963 743 1024 781 cum
1044 721 1167 782 oratime
1181 721 1279 784 habita

242 815 416 902 composuiffe
431 817 464 876 Εἴ
477 817 506 878 in
527 840 613 879 unum
632 817 775 902 redegiffl,
798 839 970 899 quamquam
992 817 1085 878 altera
1106 840 1168 880 cum
1190 818 1279 880 altero

238 926 346 995 parum
360 929 527 977 conveniret.

282 1009 339 1070 Sed
352 1025 457 1095 putore
477 1013 632 1090 mallemus,
653 1011 785 1074 orationis
799 1013 1026 1074 commentarium
1039 1011 1197 1074 inchoatum
1212 1011 1279 1096 five

241 1108 369 1169 materia
382 1109 589 1197 descriptionem
601 1109 796 1193 imperfeliam
811 1111 930 1194 exstare,
956 1111 1001 1172 cui
1020 1124 1157 1172 exuemus
1176 1124 1280 1195 perpo-

241 1204 326 1266 dendi
344 1207 431 1288 operis
451 1206 534 1269 labor
552 1206 630 1292 defit.
654 1205 768 1284 Ausror,
792 1229 856 1287 qua
871 1208 1084 1288 prameditatus
1096 1211 1130 1271 ὅ
1145 1231 1280 1269 commen-

241 1316 315 1365 tatus
335 1303 494 1383 invenerat,
516 1318 611 1387 aperte
630 1305 751 1366 nondum
771 1304 923 1391 dsposuit,-
947 1305 1049 1392 versus
1070 1305 1140 1367 enim
1155 1329 1168 1366 e
1183 1305 1279 1390 Scrip-

240 1415 310 1463 tura
326 1401 422 1488 sacra
442 1401 600 1487 proposttus
623 1404 699 1480 dee,
724 1403 796 1464 unde
817 1402 906 1465 oratio
922 1403 1052 1485 pendeat,
1067 1404 1127 1491 sed
1145 1404 1280 1467 orationes

237 1500 458 1582 praedicatorum
470 1502 592 1583 pendere
596 1501 699 1590 solent,
721 1523 805 1581 neque
821 1500 885 1582 finis
899 1502 1030 1564 orationis
1041 1503 1155 1586 prssat.
1177 1501 1278 1584 Quum

239 1597 310 1659 enim
321 1610 372 1659 toto
383 1597 554 1682 attentcffimo
566 1600 658 1660 animo
669 1599 1043 1680 audiamus-pradicatorem
1054 1600 1183 1681 exemplis
1195 1599 1279 1687 illus·

239 1707 371 1772 tranum,
385 1696 514 1774 quomodo
528 1696 712 1781 crucefignati
725 1696 786 1758 Dei
798 1719 886 1759 manu
901 1697 1087 1779 omnipotentis
1092 1699 1173 1786 sape
1188 1698 1280 1760 adiuti

236 1792 357 1873 suerint,
368 1793 466 1880 sermo
479 1794 601 1874 inceptus
616 1807 679 1856 ante
686 1793 774 1878 finem
789 1794 938 1875 legitimum
949 1795 1088 1882 praecisus
1101 1799 1147 1878 est.
1162 1794 1278 1857 Nihilo·

239 1890 331 1951 minus
351 1890 440 1952 oratio
463 1892 559 1975 nostra
576 1891 730 1974 permagni
749 1893 788 1972 esi
807 1892 942 1970 momenti,
967 1893 1065 1974 quippe
1087 1915 1150 1973 quae
1171 1893 1282 1975 aliquid

239 1988 307 2048 novi
320 1987 430 2070 afferat
444 1988 485 2049 ad
492 1989 716 2071 praedicatorum
729 1989 843 2050 illorum
855 1989 994 2074 sermones
1008 1990 1207 2077 cognoscendos.

281 2085 502 2148 Praedicatorem
516 2089 641 2168 nostrum
653 2087 857 2168 anglo-gallica
868 2088 977 2170 lingua,
989 2112 1073 2170 quarn
1084 2091 1182 2169 equites
1192 2089 1279 2151 calle-

239 2198 311 2261 rent,
333 2183 414 2265 usum
426 2182 533 2266 fucffl,
554 2185 621 2246 veri
633 2184 706 2246 imile
726 2186 772 2269 osi,
797 2186 869 2246 unde
890 2185 962 2247 hanc
983 2185 1225 2249 Ordinationem
1240 2187 1279 2249 de

240 2281 456 2361 praedicatione
471 2279 581 2343 san&ae
597 2282 719 2358 Crucis,
728 2281 795 2366 stne
808 2282 936 2344 Thema
950 2283 1098 2345 orationis
1113 2283 1149 2344 ad
1166 2284 1278 2348 Crucis

239 2374 473 2458 assumptionem
494 2378 649 2441 invitantis
668 2379 697 2440 in
722 2379 850 2460 linguam
874 2380 1002 2457 latinam,
1024 2403 1109 2462 quarn
1129 2381 1223 2442 clerici
1243 2384 1278 2445 {sl

239 2474 365 2536 monaehi
373 2477 586 2559 praeponobant,
600 2477 816 2565 versamsueffi
832 2477 1021 2540 arbitramur.

278 2573 355 2657 ‚Quis
369 2586 462 2634 autem
477 2572 549 2635 hanc
564 2575 761 2636 ordinatimem
774 2575 979 2664 conscripserit,
990 2575 1083 2658 facile
1098 2575 1211 2660 definiri
1223 2599 1277 2638 non

235 2673 336 2755 potesl;
354 2693 438 2751 quum
449 2693 520 2732 vero
535 2685 631 2734 orator
636 2672 801 2760 sententias,
813 2672 1016 2754 anglo-gallica
1032 2673 1131 2755 lingua
1139 2673 1279 2761 scriptas,
1349 2667 1363 2677 ⁵

237 2771 271 2832 ὅ
279 2769 402 2852 exempla
409 2769 663 2855 crucestgnatorum
669 2771 814 2853 proferat,
824 2786 834 2818 1
846 2771 895 2850 qui
905 2793 939 2832 ex
941 2769 1159 2856 septentrionali
1171 2770 1253 2834 Galli

237 2867 347 2948 regione
361 2867 423 2927 nati
429 2867 506 2952 sunt,
515 2884 529 2916 2
538 2867 629 2954 ipsum
643 2867 706 2929 inde
717 2867 910 2951 ortumsuiffo
924 2867 1014 2950 colligi
1024 2867 1092 2929 licet.
1107 2867 1279 2950 Rodulphus

237 2964 270 3025 de
291 2962 496 3045 Coggeshalo,3
519 2966 722 3046 praedicatores
737 2965 852 3053 sanda
877 2964 976 3026 Crucis
1002 2966 1031 3026 in
1055 2963 1160 3047 emglia
1187 2965 1278 3029 Nico-

237 3061 330 3139 laum,
335 3061 414 3150 sedis
436 3062 587 3147 apostolica
610 3062 746 3144 legatum,
770 3085 871 3124 necnon
901 3062 948 3125 W
946 3063 1076 3143 altorum,
1101 3063 1277 3126 archidiaco-

236 3181 304 3220 num
326 3157 552 3249 Lmdoniensem,
567 3162 601 3221 (3
618 3159 789 3243 Philippum,
804 3161 970 3243 magsirum
986 3160 1170 3249 Oxoniensem
1181 3162 1278 3248 fuiffi

276 3328 285 3361 r
304 3311 448 3378 Ordinacio,
462 3331 504 3377 20,
518 3333 562 3375 24,
579 3317 621 3365 26.

274 3392 490 3443 2Comrnem0sat
509 3392 546 3460 (p.
567 3393 613 3460 ας)
634 3395 727 3460 Hugo-

240 3485 296 3520 nem
304 3471 594 3540 deBeauchamp‚quem
602 3471 627 3522 in
638 3471 727 3540 psoelio

241 3549 727 3616 HattinenfiMCLXXXVHcecidiffe,

240 3628 651 3700 Benediauspesroburgenfis(1,
663 3636 726 3697 3⁶05

240 3725 272 3774 11,
294 3713 337 3774 22)
359 3725 451 3778 narrat,
475 3713 673 3781 Enguerranum
695 3711 726 3763 de

240 3791 325 3842 Boves
340 3789 430 3860 (prope
442 3792 629 3861 Ambianum),
644 3791 685 3861 qui
700 3791 725 3842 in

238 3880 332 3938 quarto
350 3870 414 3922 bello
432 3873 502 3924 sacro
524 3872 636 3924 versatus
654 3871 726 3924 fuisse

237 3949 330 4001 dicitur
354 3950 476 4018 (Eracles,
500 3951 525 4004 in
552 3954 581 4004 R.
609 3955 652 4004 des
674 3951 725 4020 hest,

237 4047 283 4082 oce.
300 4034 343 4082 des
357 4033 408 4096 Cr,
423 4047 455 4096 11,
468 4052 536 4099 2443
564 4031 596 4085 cf.
611 4032 728 4101 Klimke,

237 4109 339 4177 Quellen
364 4113 389 4162 d.
418 4127 456 4162 lv.
487 4111 542 4176 Kr,
569 4129 593 4180 p.
617 4112 674 4181 90),
703 4113 727 4163 δι

237 4189 383 4243 Walterum
409 4190 442 4241 de
469 4191 587 4258 Avesnis,
617 4192 649 4244 de
673 4209 726 4261 quo

789 3312 903 3366 conseras
932 3312 1066 3377 Rbhsicht,
1097 3314 1221 3382 Boiordge,
1243 3331 1275 3379 11,

791 3409 848 3456 327.
884 3392 980 3445 Psaeter
1013 3392 1058 3444 hos
1087 3395 1175 3446 auitos
1202 3411 1275 3446 men·

788 3472 885 3523 tionem
902 3469 962 3522 facit
976 3472 1081 3524 fratrum
1099 3473 1128 3540 ij,
1146 3473 1275 3542 Eustachij

788 3551 881 3604 scilicet
899 3551 1081 3615 &Godofredi
1099 3553 1131 3604 de
1150 3552 1276 3621 Bullione‚

789 3649 896 3700 quorum
911 3631 978 3699 prior
991 3631 1016 3683 in
1030 3649 1116 3700 pugna
1131 3632 1234 3685 cecidit.

827 3729 839 3776 3
851 3713 981 3778 Martisue,
988 3709 1060 3777 Tlres.
1071 3713 1205 3779 Anecd.,v,
1212 3717 1274 3782 8733

789 3790 911 3857 Posthast‚
939 3791 1046 3859 Regesto,
1072 3800 1104 3842 n⁰
1126 3808 1215 3860 47273
1243 3792 1276 3845 cf.

790 3873 918 3937 Matones,
942 3890 965 3940 p.
991 3881 1030 3936 19'.
1052 3873 1093 3923 De
1116 3873 1212 3924 Iacobo
1232 3871 1276 3923 Vi·

790 3950 910 4015 triacensr,
939 3963 1030 4019 psaeter
1052 3952 1178 4003 Matznesi
1203 3952 1277 4020 opus·

788 4033 873 4085 culum
887 4033 1027 4100 egregium,
1041 4031 1139 4084 videas:
1153 4031 1214 4100 Hefl.
1228 4031 1274 4084 liu.

788 4115 819 4164 de
833 4113 936 4172 Proser,
954 4127 1034 4176 xvus,
1054 4115 1184 4178 209·246;
1200 4111 1276 4163 Ville-

788 4192 925 4255 hardonin,
940 4192 978 4244 ed.
993 4194 1035 4244 Du
1048 4193 1146 4262 Gange,
1159 4197 1219 4256 318.

1128 4271 1151 4343 b
