3462 5110
464 363 515 414 DE
533 361 708 414 IOHANNE
726 361 827 414 REGE
845 357 1073 428 IE'RUSALEM.
1217 365 1284 444 139

259 579 382 672 dentes,
399 577 555 652 consiliati
574 581 643 651 sunt
660 581 689 652 ei
707 578 785 651 dare
801 581 968 653 civitatem
984 583 1084 678 usque
1102 580 1145 654 ad
1162 582 1283 656 adven·
1301 618 1360 666 1219

259 711 329 758 tum
346 684 479 786 pallagij
502 688 707 784 imperatoris
732 685 901 759 &iulium
918 690 1022 760 Rome
1047 692 1082 759 &
1102 687 1285 761 libertatem

257 794 526 866 Christianorum.
559 798 594 864 ln
619 792 672 864 die
703 795 811 865 Sanili
837 794 968 865 Tbome
992 819 1101 866 tamen
1132 820 1200 867 erat
1228 823 1287 868 cor
1300 820 1356 868 uec.
1367 835 1403 869 21.

259 926 372 972 eorum
389 898 430 971 de
447 925 527 971 auro
547 899 748 991 obsecatum,
776 900 865 996 quod
887 897 1045 971 nolebant
1066 899 1142 972 dare
1160 898 1216 972 nifi
1234 904 1287 975 sex

258 1005 428 1098 bysancios
446 1003 577 1077 cuilibet
590 1004 631 1077 de
645 1007 794 1078 exercitu.
814 1003 891 1076 Inde
904 1030 991 1076 totus
1004 1008 1158 1078 exercitus
1180 1034 1286 1080 arma·

258 1137 306 1184 tus
320 1113 391 1201 fuit,
406 1113 589 1184 &Romani
601 1115 636 1184 &
648 1112 750 1184 Latini
761 1113 961 1184 intraverunt
974 1113 1138 1186 civitatem
1151 1117 1185 1184 ὅ(
1193 1141 1286 1186 acce-

256 1243 376 1317 perunt
393 1245 507 1290 omnes
525 1243 624 1290 turres
637 1221 672 1290 δι
684 1219 770 1290 foras
787 1220 921 1314 turpiter
937 1221 1143 1314 proiecerunt
1162 1223 1286 1294 Franci·

257 1351 371 1424 genas,
388 1327 423 1396 δε
439 1325 532 1398 multi
553 1326 683 1399 fuerunt
704 1326 864 1400 vulnerati
881 1329 916 1398 δε
933 1329 1071 1419 mortui,
1092 1354 1132 1399 ex
1148 1352 1287 1425 utraque

257 1457 349 1530 parte
365 1455 453 1503 totus
470 1434 625 1504 exercitus
645 1433 781 1505 armavit
797 1434 840 1520 se,
859 1436 893 1503 ὅ(
907 1458 1021 1504 omnes
1038 1432 1233 1530 putabamus
1251 1439 1285 1509 in

257 1539 311 1610 illa
328 1537 381 1610 die
394 1536 458 1610 elle
472 1537 610 1635 dispersi.
629 1541 724 1610 Tunc
737 1537 891 1610 dominus
903 1538 1028 1637 legatus
1042 1542 1149 1636 posuit
1169 1567 1287 1638 pacem

257 1647 291 1716 in
309 1643 473 1737 omnibus,
499 1649 534 1716 δ(
563 1647 674 1718 civitas
693 1646 753 1717 firit
769 1644 925 1744 affignata
942 1649 1010 1744 regi
1029 1650 1064 1719 ἃ
1084 1648 1285 1743 Alamannis,

256 1752 346 1824 salvo
375 1750 457 1823 iuffu
480 1754 697 1848 imperatoris,
721 1755 761 1824 ,ἃ
785 1754 1004 1849 promiserunt
1029 1755 1192 1853 integram
1208 1783 1286 1853 por-

259 1861 393 1930 cionem
410 1857 497 1930 dare.

1252 1970 1258 1983 ⁸
1301 1966 1360 1999 1220

305 1965 369 2036 LX.
379 1970 413 2036 ln
426 1964 478 2036 die
488 1954 666 2061 Epiphanio
673 1967 788 2038 iterum
798 1988 884 2036 totus
898 1967 1053 2037 exercitus
1062 1991 1204 2038 armatus
1215 1969 1286 2058 fuit,
1298 2015 1346 2060 Μ,
1359 2015 1381 2061 6,

258 2077 293 2144 &
311 2095 539 2142 cuccurrerunt
559 2069 603 2142 ad
620 2069 794 2143 dominum
811 2073 959 2170 legatum
976 2075 1010 2142 ὅ(
1031 2070 1186 2145 volebant
1210 2101 1286 2144 eum

258 2177 416 2251 occidere.
442 2177 551 2248 Postea
566 2202 725 2250 venerunt
751 2177 905 2268 dicentes,
934 2178 1026 2273 quod
1044 2175 1141 2250 delufi
1159 2205 1250 2251 erant
1267 2209 1286 2252 a

258 2282 422 2374 militibus,
442 2309 558 2355 omnes
579 2285 611 2356 se
634 2309 840 2358 armaverunt
864 2287 899 2354 &
927 2310 1086 2356 venerunt
1110 2285 1153 2356 ad
1179 2286 1286 2358 domi-

257 2416 338 2462 num
353 2392 501 2489 legatum
517 2394 552 2463 δι
569 2391 719 2464 dixerunt
732 2394 778 2464 ei:
795 2397 937 2479 Domine,
956 2395 1096 2463 danobis
1106 2399 1284 2487 porcionem

255 2503 414 2568 civitatis!
401 2497 473 2569 ibt
490 2499 557 2595 ipse
575 2497 702 2570 dixit
676 2525 741 2570 ers:
769 2501 922 2592 Qicquid
938 2501 1043 2588 habco,
1071 2501 1196 2570 daturus
1212 2505 1284 2595 sum

255 2611 349 2695 vobis,
358 2608 420 2700 sed
433 2608 531 2676 nichil
547 2608 606 2692 clii
624 2608 729 2677 nolunt
745 2609 830 2676 vobis
846 2607 930 2675 dure.
955 2609 1000 2673 lte
1018 2604 1049 2672 ὅ»
1064 2609 1199 2676 lubeatis
1215 2634 1286 2677 con·

253 2713 375 2806 filium!
404 2711 438 2784 Et
463 2739 502 2784 ex
526 2713 590 2785 alia
614 2735 706 2810 parte
733 2738 798 2801 rex,
828 2711 988 2806 templum
1013 2713 1047 2780 ὅ(
1067 2712 1286 2831 hospitale&

256 2842 371 2888 omnes
388 2821 498 2892 Franci
520 2821 552 2892 se
573 2842 779 2892 armaverunt
795 2818 1047 2890 &intraverunt
1066 2817 1098 2886 in
1117 2819 1284 2890 civitatem

255 2926 290 2995 δι
306 2928 440 3024 turpiter
456 2927 543 2998 foras
563 2927 768 3022 proiecerunt
784 2926 924 3016 Latinos,
951 2929 987 2996 ἃ
1008 2927 1042 2996 in
1065 2924 1118 2996 illa
1143 2925 1196 2997 die
1214 2952 1284 2996 ma·
1332 3007 1338 3014 ,

255 3058 359 3129 gnum
375 3033 528 3104 insultum
545 3031 704 3104 dederunt
720 3033 853 3122 civitati,
866 3035 900 3102 ὅ(
913 3031 1006 3102 multi
1024 3031 1195 3103 Christiani
1215 3033 1284 3103 fue·

254 3162 330 3210 runt
346 3139 514 3230 vulnerati,
531 3137 718 3234 &quidam
735 3165 774 3209 ex
787 3137 847 3209 illis
865 3135 1030 3209 dicebant:
1051 3141 1225 3210 ‹Mittcmus
1243 3143 1285 3209 ud

248 3249 422 3341 soldanum,
443 3273 475 3317 ut
491 3252 589 3318 vertict
605 3249 646 3315 ud
658 3251 836 3339 principes!
861 3245 1031 3342 Cepetunt
1058 3244 1136 3317 date
1152 3248 1282 3341 porcio-

154 3379 213 3442 t37
224 3379 245 3426 b.
257 3379 334 3424 nem
350 3351 393 3425 ad
410 3379 525 3425 eorum
548 3352 677 3424 libitum
694 3351 848 3423 militibus
862 3352 980 3448 viginti
996 3375 1151 3446 quattuor
1167 3351 1281 3444 bysan-

257 3462 335 3552 cios,
351 3459 571 3534 sacerdotibus
582 3462 617 3531 δε
630 3459 807 3555 turcopulis
822 3457 1010 3549 duodecim,
1029 3456 1200 3530 clientibus
1217 3460 1283 3553 sex,

256 3566 443 3640 mulieribus
459 3571 495 3638 ἃ
510 3568 618 3663 pueris
635 3591 705 3636 tres.
733 3564 767 3635 Et
784 3565 898 3652 sciatis,
924 3561 1017 3658 quod
1043 3588 1175 3637 centum
1194 3566 1283 3638 milia

256 3673 514 3747 Christianorum
528 3698 619 3744 etant
635 3674 753 3769 scripta
769 3674 803 3742 in
821 3673 972 3744 exercitu.

303 3780 534 3853 le.Secunda
543 3778 596 3850 die
605 3778 774 3868 Februarij,
782 3781 816 3849 in
824 3779 902 3849 festo
913 3779 1008 3848 Beate
1017 3779 1117 3849 Marie
1125 3779 1283 3876 Virginis,
1296 3799 1350 3844 Feb.
1362 3814 1383 3845 2.

256 3889 419 3960 constituit
432 3887 586 3958 dominus
597 3886 723 3984 legatus
740 3888 775 3957 ἃ
792 3911 907 3956 omnes
918 3884 1032 3981 prelati
1047 3881 1196 3957 divinum
1211 3885 1283 3956 offi-

257 3996 345 4065 cium
359 3992 520 4066 celebrate
531 3995 617 4064 intus
628 3993 661 4063 in
674 3994 839 4082 Damiata‚
856 4016 892 4062 ut
906 3989 1127 4086 purificaretur
1141 4019 1160 4062 a
1175 3993 1283 4064 multis

257 4098 424 4194 fetoribus,
437 4099 553 4198 quibus
561 4126 628 4172 erat
637 4103 746 4171 anima
755 4099 892 4198 polluta,
905 4103 938 4169 ὅ(
948 4101 982 4168 in
994 4125 1091 4168 mane
1100 4097 1219 4170 eodem
1230 4098 1283 4172 die
