3462 5110
507 349 558 400 nn
583 346 743 400 mutans
768 345 969 400 rnrsouuru.
1207 324 1251 418 65

225 570 336 642 mitate
351 581 361 616 ¹
375 568 514 665 spiritus,
527 593 592 664 que
610 568 737 664 semper
750 567 889 639 nascitur
902 595 941 640 ex
953 571 1125 668 prosperis,
1136 597 1254 646 terram
1270 593 1329 639 ¹²¹7

224 675 485 768 conscendimus,
510 677 676 748 civitatem
701 674 846 748 eiusdem
862 678 1006 748 nominis
1023 706 1118 750 muro
1136 685 1171 752 ἃ
1187 705 1255 752 tur-

224 783 311 857 ribus
338 783 447 856 multis
477 784 638 854 munitam
663 779 857 854 obsedimus.
890 782 1025 856 Civibus
1055 788 1089 856 in
1116 788 1255 859 insulam

225 892 412 965 ulteriorem
425 887 550 987 elapfis,
569 890 680 962 civitas
695 888 840 961 desolata
857 890 1008 963 inimicos
1025 893 1099 963 suos
1116 895 1169 966 sue
1182 895 1254 966 soli-

224 998 344 1072 tudinis
369 998 497 1095 accepit
521 997 683 1068 solatium.
716 996 819 1068 Cuius
840 995 968 1069 edificia
985 1002 1171 1072 materia&
1188 1027 1256 1076 arte

223 1106 393 1206 sirlgentia,
418 1108 528 1178 vineas
552 1108 587 1175 ἃ
603 1107 754 1202 pomeria
770 1107 833 1175 &c
852 1102 948 1176 nobis
972 1107 1193 1202 vendicantes,
1221 1113 1256 1182 in

222 1213 351 1286 labores
373 1213 513 1286 aliorum
537 1213 738 1301 intravimus,
765 1212 918 1306 ortosque
933 1215 968 1282 ἃ
984 1215 1106 1304 vineas,
1126 1215 1257 1290 ficus&

224 1319 313 1392 oleas
326 1323 361 1392 ἃ
378 1347 479 1392 omne
492 1347 596 1418 genus
609 1316 732 1391 arboris
746 1319 908 1416 pomifere
922 1319 1125 1412 succidimus,
1142 1325 1256 1396 mahu-

224 1429 428 1524 meriamque
448 1428 594 1525 ipsorum
621 1428 716 1497 tantis
740 1422 903 1523 impensis,
928 1449 1020 1498 tanto
1039 1429 1256 1502 construdlam

223 1535 370 1634 ingenio,
384 1560 420 1607 ut
431 1536 582 1607 referenti
594 1559 695 1607 nemo
709 1533 864 1621 crederet,
880 1531 922 1603 ad
935 1534 1142 1608 referendum
1154 1565 1256 1610 nemo

224 1641 397 1732 sufficeret,
411 1642 482 1713 solo
504 1644 705 1738 equavimus,
727 1642 817 1711 cuius
832 1641 923 1738 ligna
938 1640 1103 1714 coloribus
1119 1645 1256 1745 brigida,

224 1748 358 1824 floribus
383 1748 502 1841 excisis,
524 1751 558 1820 in
580 1748 694 1821 nostris
714 1762 728 1794 ²
746 1743 850 1819 ufibus
877 1746 1059 1820 necessariis
1088 1749 1257 1850 deputavi·

224 1885 308 1952 mus,
332 1859 484 1953 &usque
507 1856 551 1928 ad
569 1856 658 1927 diem
686 1855 763 1927 lune
787 1853 911 1926 ibidem
928 1881 1167 1953 permanentes,
1185 1887 1257 1934 tan·
1270 1889 1331 1948 Aug.
1342 1901 1364 1946 7.

225 1964 304 2037 dem
327 1966 457 2037 saturati
478 1963 599 2061 spoliis,
629 1963 779 2058 reliquias
802 1964 939 2035 civitatis
959 1987 1019 2058 per
1043 1966 1157 2061 ignem
1175 1969 1257 2041 iudi-

144 2114 211 2162 e31.
225 2074 386 2163 cavimus,
415 2071 556 2166 velisque
588 2071 701 2143 levatis
719 2071 819 2165 usque
840 2069 882 2140 ad
907 2071 1015 2140 fauces
1031 2071 1126 2143 strisli
1149 2078 1258 2169 maris,

226 2179 318 2279 quod
336 2179 465 2251 Ostrior
487 2176 614 2257 dicunt,
642 2176 763 2248 eodem
790 2200 892 2249 vento
918 2179 953 2246 ἃ
971 2176 1045 2248 velo
1065 2180 1259 2275 volavimus,

226 2287 282 2361 ubi
296 2313 373 2360 euro
386 2289 419 2359 se
433 2310 638 2385 opponente,
659 2286 754 2382 super
767 2287 918 2357 anchoris
930 2291 1064 2358 nociem
1080 2291 1256 2386 exegimus.

127 2441 146 2485 p.
157 2425 212 2483 481.
226 2396 323 2468 Mane
339 2420 417 2468 vero
430 2395 535 2467 ventis
552 2390 730 2466 furentibus
748 2391 790 2464 ad
804 2392 943 2464 insulam
954 2391 1138 2491 predictam
1156 2395 1259 2468 redire

227 2500 373 2599 conpulsi
404 2499 527 2573 damna
555 2499 757 2597 &pericula
789 2503 824 2570 ἃ
848 2499 966 2570 multas
984 2501 1175 2598 pertulimus
1202 2528 1259 2576 an-

227 2610 354 2708 gustias.
382 2609 537 2706 Qtatuor
553 2610 665 2703 itaque
682 2604 795 2678 diebus
815 2609 972 2678 continue
988 2608 1197 2681 ascendendo
1215 2610 1258 2682 ad

227 2717 335 2788 celum
351 2713 636 2787 &descendendo
663 2714 764 2808 usque
788 2712 831 2784 ad
856 2711 975 2785 abissos
1000 2711 1149 2787 fluslibus
1172 2718 1260 2789 iratis

226 2825 336 2895 iactati
353 2819 410 2894 sub
437 2821 551 2913 insula,
575 2844 691 2894 ventos
717 2821 865 2916 sequi&
889 2822 972 2891 mari
989 2822 1172 2916 procelloso
1199 2851 1259 2896 nos

227 2930 444 3021 committere,
461 2926 555 3025 quod
567 2928 699 3025 plurimi
713 2923 919 3016 timebamus,
937 2925 1152 3000 iudicavimus
1170 2933 1259 3002 tutis·

226 3034 356 3127 fimum,
373 3033 454 3108 illud
471 3036 592 3108 Senece
615 3033 658 3106 ad
679 3033 838 3104 Lucillum
862 3033 1056 3105 recolentes:
1073 3041 1107 3105 In
1123 3045 1259 3132 tempesta

226 3148 440 3239 navigantibus
469 3145 515 3214 nil
545 3171 616 3236 eque
642 3145 804 3212 timendum
834 3169 921 3232 quum
950 3166 1068 3212 terram.
1098 3143 1259 3215 Anchoris

225 3251 337 3346 itaque
349 3253 456 3348 prima
470 3248 619 3323 sabbathi
630 3275 728 3320 mane
741 3247 866 3339 levatis,
878 3245 933 3318 sed
946 3243 1091 3342 pluribus
1105 3249 1137 3320 in
1152 3250 1258 3324 fundo
1271 3274 1330 3333 nug.
1345 3287 1379 3320 η.

224 3357 353 3450 relictis,
373 3359 419 3434 86
437 3383 537 3430 naves
552 3358 690 3429 statione
707 3356 822 3447 soluta,
840 3351 897 3425 ubi
914 3380 981 3427 erat
1001 3355 1126 3452 spiritus
1143 3383 1259 3430 vento·

225 3489 300 3536 rum
326 3463 599 3561 &procellarum
622 3465 775 3561 impetus,
803 3462 879 3532 illuc
903 3459 1097 3550 serebantur,
1125 3462 1260 3536 fidei&
1344 3469 1345 3478 ’

226 3567 385 3667 propofiti
411 3567 593 3641 scindentes
615 3569 785 3659 unitatem,
810 3568 1000 3639 necessitatis
1026 3592 1161 3665 urgente
1188 3571 1260 3640 arti-

226 3676 312 3748 culo.
343 3676 413 3747 Nos
435 3701 515 3750 veto
540 3677 574 3748 in
596 3700 732 3773 portum
755 3673 897 3771 Hispalis
921 3700 1053 3772 magne,
1082 3701 1147 3770 que
1172 3700 1261 3747 nunc

226 3780 338 3854 Sibilia
371 3782 498 3875 dicitur,
532 3808 602 3854 non
631 3780 697 3853 fine
724 3806 850 3879 magno
881 3781 1028 3879 periculo
1058 3783 1257 3854 intravimus.

228 3891 392 3962 Dominus
408 3914 518 3962 autem
536 3890 593 3984 qui
605 3887 739 3960 deducit
755 3887 798 3959 ad
813 3888 935 3959 inferos
951 3891 987 3960 δι
1003 3887 1137 3978 reducit,
1155 3887 1260 3960 humi-

266 4141 275 4176 1
299 4124 330 4174 A.
345 4119 528 4190 magnimitate.
545 4149 578 4159 -
593 4119 704 4172 anostris
716 4119 834 4171 incertum
847 4117 872 4169 in
887 4120 915 4169 A.
