3462 5110
476 321 540 416 148
723 327 1246 386 nmnnuunmncunsssmus

394 600 452 648 1218
469 589 519 655 De
534 585 620 654 clude
637 586 884 674 Christianorum,
908 608 943 650 ex
963 583 1137 672 intemperie
1161 584 1241 648 airis
1258 577 1289 647 δ’
1306 580 1402 647 meris
1418 601 1493 647 ortu.

349 821 409 866 nov.
419 834 456 881 30.
516 797 551 863 ln
567 792 648 864 festo
665 792 774 864 saneti
781 789 913 862 Andree
930 793 1056 864 ortaest
1068 815 1158 864 tanta
1174 792 1345 891 tempestas
1361 792 1397 861 in
1409 796 1493 876 aere,

468 897 560 996 quod
591 921 659 970 tam
689 898 818 996 inpulsu
846 923 1022 971 ventorum
1057 925 1158 996 quam
1197 895 1496 996 superhabundanti

466 1005 576 1102 pluvia
595 1009 629 1076 in
647 1029 775 1077 tantum
792 1033 883 1078 mare
898 1009 1061 1099 intumuit,
1084 1009 1119 1078 δι
1137 1004 1252 1079 fluvius
1270 1004 1412 1077 similiter
1428 1029 1495 1075 cre-

466 1114 523 1202 vit,
541 1110 633 1206 quod
656 1139 725 1184 non
751 1112 991 1186 discernebatur
1007 1140 1093 1210 aqua
1112 1111 1253 1200 fluminis
1280 1139 1301 1183 a
1324 1115 1436 1204 mari,¹
1461 1113 1496 1182 ἃ

466 1243 553 1313 aqua
568 1243 659 1291 tanta
678 1245 746 1292 erat
762 1220 965 1292 amariffima.
991 1225 1025 1291 ln
1043 1219 1096 1291 die
1111 1219 1167 1292 illa
1186 1220 1383 1316 tempestatis
1400 1221 1495 1292 caula

467 1327 582 1396 omnia
599 1328 737 1398 tentoria
758 1328 861 1400 stadia
882 1328 990 1398 nostra
1011 1327 1110 1414 fuere,
1138 1329 1173 1398 &
1193 1353 1253 1424 per
1273 1350 1381 1398 totum
1406 1351 1495 1396 exer·

466 1434 568 1503 citum
582 1433 684 1504 faiius
697 1435 741 1505 est
753 1433 853 1522 lacus,
872 1436 917 1505 ita
930 1432 1022 1530 quod
1035 1434 1139 1505 farina
1153 1435 1292 1531 &panis
1304 1434 1340 1503 &
1353 1433 1495 1503 frumen·

466 1539 580 1608 tum&
592 1537 729 1610 ordeum
741 1541 896 1611 &omnia
904 1541 1056 1612 viiiualia
1065 1536 1493 1636 aquasuperhabundabant.

467 1641 512 1714 lbi
540 1645 633 1716 multi
657 1645 778 1716 infirmi
803 1649 924 1718 mortui
949 1648 1037 1738 sunt,
1073 1649 1232 1732 &etiam
1267 1648 1398 1744 plurimi
1428 1647 1495 1718 lani

467 1749 664 1824 defecerunt.
691 1754 758 1823 Ae'r
781 1751 939 1848 fiquidem
964 1777 1032 1826 tam
1049 1752 1203 1825 obscurus
1220 1752 1352 1825 essemus
1370 1754 1425 1842 est,
1451 1756 1496 1825 ita
1695 1799 1696 1874 p

466 1855 559 1952 quod
575 1857 681 1929 nullus
709 1860 855 1930 nostrum
872 1861 972 1934 valuit
993 1862 1028 1932 in
1050 1861 1103 1932 die
1123 1860 1233 1934 videre
1255 1859 1363 1932 alium.
1391 1865 1425 1931 ln
1443 1859 1495 1931 die
1695 1877 1697 1958 l

464 1964 519 2034 illa
535 1966 681 2060 quinque
707 1991 806 2039 naves
823 1969 941 2058 nostre,
966 1994 1030 2063 que
1053 1992 1144 2039 erant
1159 1970 1194 2037 in
1218 1990 1315 2065 portu
1333 1969 1494 2058 Damiate,

464 2071 592 2167 inpulsu
609 2097 784 2144 ventorum
810 2072 875 2146 fine
894 2075 973 2148 velis
995 2077 1187 2173 &remigiis
1215 2102 1235 2146 a
1252 2099 1351 2172 portu
1370 2076 1495 2170 lequel·

465 2201 545 2248 trate
563 2177 636 2249 sunt
652 2183 687 2251 &
703 2183 737 2251 in
755 2180 867 2252 medio
883 2181 1003 2280 pelagi,
1022 2206 1057 2253 ut
1073 2180 1246 2272 credimus,
1274 2179 1494 2277 conqualiate.

465 2294 540 2366 Una
556 2315 667 2364 tamen
689 2317 728 2364 ex
743 2291 803 2362 illis
822 2291 923 2361 stadia
940 2291 1001 2361 fuit
1018 2314 1093 2360 ante
1109 2285 1287 2380 Tanifium,
1312 2293 1346 2360 &
1363 2291 1495 2387 triginta
1700 2332 1701 2386 l

464 2402 628 2492 marinarij
653 2399 812 2496 capitibus
834 2401 907 2471 sunt
925 2396 1118 2472 obtruncati.
1146 2406 1180 2471 ln
1202 2401 1257 2471 illa
1279 2399 1331 2470 die
1351 2396 1494 2494 quedam
1507 2411 1544 2459 m
1558 2425 1593 2470 177
1602 2411 1618 2455 b·
1701 2438 1702 2482 l

464 2507 672 2596 munitiffima
693 2510 783 2581 navis
805 2533 881 2578 cum
903 2509 1031 2604 magnis
1048 2507 1150 2599 scalis,
1176 2533 1240 2603 que
1266 2533 1343 2578 cum
1369 2531 1493 2604 magno

463 2618 575 2690 labore
592 2642 654 2714 pro
673 2618 801 2689 civitate
823 2614 985 2713 capienda
1002 2617 1087 2686 faiia
1112 2617 1226 2704 luerat,
1249 2616 1377 2711 inpulsu
1394 2619 1493 2709 venti,

464 2728 565 2822 ruptis
587 2721 728 2812 funibus,
756 2723 903 2818 proietia
920 2723 974 2814 est,
991 2725 1026 2794 ἃ
1043 2721 1139 2793 nobis
1156 2721 1353 2814 videntibus,
1376 2725 1494 2822 Pagani

465 2859 539 2905 eam
572 2854 806 2902 cremaverunt.
836 2828 933 2903 Unde
970 2855 1031 2900 nos
1060 2830 1254 2929 plangentes
1285 2829 1492 2903 dicebamus:

467 2943 554 3034 Quid
568 2946 723 3032 faciemus
740 2946 812 3010 liic?
837 2946 937 3011 Iratus
959 2946 998 3032 est
1020 2946 1106 3009 ‘Deus
1130 2943 1217 3009 nobis
1237 2939 1268 3007 ἃ
1289 2965 1345 3008 non
1364 2941 1445 3030 vult,
1462 2965 1493 3009 ut

357 3105 360 3110 ,
461 3052 680 3142 perseveremus
698 3054 729 3118 in
740 3051 800 3142 suo
811 3051 946 3142 servicio
959 3050 1088 3142 saudim
1108 3049 1270 3141 procedere
1285 3075 1342 3116 nen
1360 3051 1493 3117 valemus

464 3183 516 3225 nec
532 3159 726 3248 retroversum
744 3158 842 3226 redire
853 3158 1025 3252 poffumus!
1048 3158 1082 3224 ln
1098 3154 1152 3224 illa
1170 3152 1223 3225 die
1240 3157 1286 3225 ira
1304 3156 1401 3226 maris
1421 3155 1492 3226 nos-

465 3287 550 3340 trum
578 3263 675 3360 fregit
693 3259 856 3333 foliatum.
882 3264 978 3332 Tunc
1000 3287 1053 3333 rex
1072 3263 1107 3330 &
1129 3286 1244 3333 omnes
1261 3263 1424 3358 principes
1441 3261 1492 3349 alij

465 3394 673 3441 cucurrerunt
687 3368 730 3439 ad
742 3369 889 3467 legatum
901 3371 935 3440 &
953 3367 1117 3440 dixerunt:
1139 3375 1343 3458 Peccavimus,
1362 3372 1490 3455 domine,

465 3476 496 3546 e
514 3483 616 3569 iniuste
630 3484 757 3571 egimus,
774 3484 960 3571 iniquitatem
966 3481 1100 3571 fecimus
1109 3507 1121 3557 ;
1131 3479 1169 3546 dn
1183 3481 1270 3547 nobis
1278 3481 1492 3570 penitentiam!

466 3590 560 3654 Peter
574 3588 692 3678 surreie,
721 3613 773 3654 ore
794 3588 967 3677 pronubis,
999 3610 1031 3654 ur
1051 3590 1204 3654 Dominus
1224 3588 1311 3654 nobis
1335 3585 1492 3678 indulgeat

465 3699 562 3783 nostru
572 3719 699 3787 peccatu
707 3722 718 3772 ,¹
742 3719 810 3761 num
831 3718 914 3762 mure
934 3697 1062 3784 nestrum
1081 3697 1142 3761 ium
1160 3717 1281 3786 occupat
1297 3691 1491 3761 vellerum&

464 3829 529 3870 ecce
547 3806 608 3868 inm
620 3807 702 3871 venit
710 3804 803 3896 super
816 3827 881 3890 nos,
895 3800 925 3869 6⁴
939 3827 1038 3870 omnes
1052 3804 1232 3869 moriemur!
1249 3803 1384 3868 sinimus
1398 3805 1493 3892 igitur

464 3914 578 4000 nostres
589 3911 825 3978 commendemus
842 3911 911 3978 Deo
920 3909 1093 4001 fundisque
1108 3910 1242 3976 munibus
1260 3904 1359 3974 Tuis!
1376 3904 1411 3977 Et
1432 3903 1492 3975 do·

466 4015 573 4084 minus
591 4013 717 4111 legatus
732 4012 921 4111 respondit:
941 4015 1014 4104 Filij
1031 4019 1099 4099 md,
1122 4017 1274 4084 Dominus
1290 4019 1385 4103 noster
1400 4037 1492 4109 remp·

504 4193 515 4225 1
531 4176 587 4228 Cod.
600 4191 694 4226 masa.
