3462 5110
450 382 502 437 DE
521 383 696 438 IOHANNE
714 385 815 439 REGE
830 387 1056 441 IERUSALEM.
1207 389 1273 470 137

246 627 334 673 nurus
346 605 415 693 fui,
442 604 509 674 dies
535 604 594 672 illu
615 602 647 672 ἃ
673 609 727 697 istu
749 631 807 676 non
825 631 1008 699 cumputetur
1033 613 1063 676 in
1081 610 1185 677 diebus
1202 613 1274 679 anni
1288 639 1347 686 1219

248 706 334 800 (lob,
354 727 408 798 ΙΙΙ,
429 709 516 806 3-6),
534 715 606 802 quia
623 739 763 806 magnum
781 715 988 807 obscuritatem
1006 716 1116 785 obtulit
1134 721 1274 809 Paganis

247 817 454 912 &sanguinis
475 820 663 913 effnfioneml
686 819 801 890 Nullus
822 818 965 891 audebat
988 846 1064 890 eum
1080 820 1215 916 alloqui,
1239 825 1274 892 ἃ

247 947 405 997 venerunt
418 923 531 996 fratres
544 923 681 1017 soldani,
693 925 880 998 Coradinus
892 929 927 998 δι
939 926 1062 1016 Pharas,
1077 953 1153 998 cum
1165 929 1274 1000 multis

247 1033 437 1104 ammirariis
453 1030 655 1104 &dixerunt
676 1036 722 1107 ei:
751 1040 893 1124 Domine,
923 1040 1070 1106 Dumium
1088 1038 1219 1108 allevata
1236 1043 1276 1130 est

247 1171 265 1212 α
281 1145 378 1229 nobis,
397 1143 428 1213 fa
437 1147 583 1240 superbia
602 1151 699 1236 nostru
712 1172 770 1215 non
783 1150 879 1238 potest
886 1146 962 1239 plus
977 1171 1103 1238 regnare
1115 1148 1274 1239 nobiscum,

246 1250 355 1319 melius
370 1255 410 1340 est
425 1255 521 1337 nobis,
541 1258 656 1322 munire
669 1253 892 1321 mlexundriam
909 1250 941 1319 ἃ*
962 1254 1168 1340 Eubilonium,
1187 1281 1273 1346 quum

237 1361 320 1448 stare
346 1363 397 1428 lu'c
422 1357 454 1427 θ
479 1361 582 1429 uidere
604 1363 795 1445 nummum,
826 1361 1042 1452 desolacionem
1068 1365 1215 1452 nostrum!
1240 1359 1275 1429 Et

244 1462 302 1560 ipfi
320 1489 382 1536 tres
399 1488 598 1536 reverterunt
614 1463 657 1534 ad
676 1463 871 1561 hospicia&
890 1491 928 1535 ea
946 1489 1089 1537 cremare
1107 1491 1274 1562 ceperunt,

244 1573 280 1642 ὅ(
297 1597 414 1643 omnes
435 1570 563 1663 casales,
588 1572 645 1666 qui
660 1595 751 1643 erant
770 1595 874 1668 prope
895 1573 1095 1663 Damiatam‚
1107 1561 1273 1670 ¹exspolia-

245 1704 371 1772 verunt,
388 1681 423 1750 &
439 1680 473 1749 in
490 1679 603 1774 quinta
618 1676 669 1749 die
685 1679 759 1775 post
775 1679 971 1774 capcionem
987 1679 1140 1750 Damiare
1156 1681 1275 1780 Pagani
1287 1701 1347 1747 nov.
1360 1714 1394 1746 ιο.

247 1788 401 1885 fugerunt
416 1811 493 1858 cum
507 1786 555 1858 ira
571 1786 634 1857 Dei
651 1788 686 1856 &
696 1785 914 1882 exsperlerunt
927 1785 959 1857 le
975 1809 1050 1858 ante
1064 1786 1274 1880 Christianos,

246 1898 281 1967 &
296 1895 395 1966 nostri
410 1919 487 1964 cum
503 1891 670 1990 triumpho
687 1892 908 1966 remanserunt
923 1894 958 1962 in
976 1894 1121 1983 civitate,
1148 1919 1274 1986 aurum,

247 2025 421 2100 argentum
440 2002 476 2071 ὃ(
496 2003 746 2074 ornamenta&
768 2001 968 2074 frumentum
990 1999 1055 2073 fine
1070 2001 1136 2074 fine
1156 2008 1190 2076 ἃ
1216 2028 1274 2073 nu·

150 2160 152 2164 -
248 2134 340 2189 mero
357 2110 561 2199 invenerunt,
588 2112 623 2182 &
642 2134 750 2182 totum
766 2110 826 2180 fuit
843 2107 885 2181 de
902 2134 1091 2199 commune,
1117 2109 1276 2206 &platee

248 2238 316 2287 tote
332 2215 501 2288 &domus
519 2241 610 2288 erant
625 2217 722 2313 plene
739 2214 781 2288 de
793 2213 1016 2305 cadaveribus,
1034 2217 1110 2310 quia
1126 2213 1172 2286 ibi
1185 2241 1277 2288 erant

247 2325 419 2422 odloginta
439 2323 529 2394 milia
550 2322 592 2396 de
612 2324 791 2396 Sarracenis
818 2323 965 2410 mortuis,
993 2323 1027 2394 ἀ
1049 2320 1091 2394 dc
1108 2322 1189 2394 vivis
1206 2347 1276 2393 non

248 2454 338 2501 erant
360 2427 417 2502 nisi
447 2429 563 2502 decem
587 2429 685 2518 nulia,
707 2433 741 2501 δι
765 2428 807 2501 de
820 2430 901 2500 sanis
926 2453 995 2500 non
1017 2453 1109 2500 erant
1132 2426 1189 2499 nifi
1216 2431 1276 2501 tria

248 2535 346 2629 milia,
363 2540 493 2610 &unus
510 2536 610 2608 alium
628 2536 761 2633 sepelire
778 2561 847 2606 non
864 2533 1004 2625 valebat,
1028 2538 1062 2608 δε
1080 2558 1130 2605 tot
1146 2535 1276 2608 fuerunt
1305 2523 1310 2532 ⁸

248 2643 421 2734 cadavera,
441 2641 535 2740 quod
553 2643 658 2715 nullus
674 2666 804 2741 poterat
820 2641 965 2714 sufficere
977 2640 1020 2713 ad
1034 2642 1275 2738 proiiciendum

247 2750 282 2822 in
298 2748 433 2841 flumen,
456 2753 492 2822 &
512 2752 713 2847 quicumque
734 2746 866 2823 volebat
883 2750 944 2820 tria
960 2773 1102 2844 corpora
1117 2751 1276 2844 proiicere

246 2858 282 2927 in
299 2854 422 2930 flumen
439 2881 528 2930 extra
544 2859 721 2949 civitatem,
745 2853 884 2929 dabatur
907 2858 938 2928 ei
962 2853 1145 2946 bysantium
1163 2882 1277 2949 unum,

247 2966 283 3035 &
299 2991 318 3036 a
336 2963 389 3036 die
406 2965 515 3036 sanni
542 2963 706 3053 Iohannis,
734 2989 810 3034 curn
826 2964 916 3034 Deus
933 2961 1076 3033 nostram
1093 2960 1277 3058 superbiam

249 3069 426 3167 castigavit,
450 3067 493 3141 ab
510 3068 564 3140 illa
589 3068 642 3140 die
657 3093 814 3166 ceperunt
830 3069 927 3158 mori,
949 3065 1026 3138 ideo
1052 3068 1128 3163 quia
1150 3066 1276 3164 fignum

249 3177 365 3248 sande
381 3176 498 3247 Crucis
520 3198 596 3247 ante
614 3201 676 3246 nos
695 3173 870 3265 faciebant,
897 3171 1139 3269 &lapidabant
1156 3177 1191 3245 ἀ
1207 3201 1276 3248 ver-

248 3280 406 3356 berabant
417 3285 453 3354 &
471 3283 549 3380 igne
561 3280 761 3355 cremabant.
779 3280 877 3356 Unde
893 3279 1038 3352 Christus
1051 3277 1135 3352 bene
1151 3283 1278 3378 accepit

249 3387 429 3462 vindiciam
454 3387 496 3460 de
520 3390 579 3460 suo
599 3390 711 3461 fanno
734 3386 839 3487 signo,
864 3385 956 3483 quod
980 3386 1086 3458 nullus
1112 3411 1151 3457 ex
1173 3386 1234 3458 illis
1258 3415 1277 3458 a

251 3497 367 3569 canina
382 3517 489 3567 morte
507 3496 618 3568 evasus
635 3497 690 3568 est.
715 3494 812 3569 Unde
825 3519 885 3567 vos
903 3492 1088 3584 Christiani,
1105 3496 1163 3588 qui
1180 3493 1277 3565 histo-

146 3627 162 3673 f.
175 3628 204 3689 3⁶
214 3625 238 3672 n
249 3605 332 3675 riam
347 3600 464 3674 audiris
477 3602 641 3693 Dauniam,
654 3601 818 3672 Christum
831 3597 921 3671 flexis
933 3598 1071 3698 genibus
1084 3598 1231 3690 adorate,
1243 3602 1278 3670 &

250 3706 376 3781 bonam
391 3706 493 3780 fidem
509 3732 608 3803 atque
624 3733 741 3804 puram
757 3708 792 3778 in
809 3706 915 3802 ipsum
933 3702 1061 3796 habete,
1079 3706 1135 3799 qui
1153 3728 1277 3776 tantam

250 3817 422 3889 vidioriam
439 3812 530 3886 dedit
542 3814 732 3886 Christianis
746 3814 780 3884 in
797 3811 856 3884 hiis
868 3809 1083 3908 temporibus»,
1101 3811 1193 3906 quod
1210 3813 1276 3884 Da·

206 3983 209 3990 .
250 3924 360 4012 nriata,
379 3947 456 3992 cum
469 3921 565 3993 fuerit
577 3917 703 3992 obseffa
716 3946 736 3991 a
748 3917 947 4008 Christianis,
964 3921 999 3988 ἃ
1015 3916 1095 3988 nihil
1107 3919 1137 3988 ei
1154 3942 1277 3989 nocue·

250 4052 334 4121 runt,
351 4026 408 4100 sed
421 4025 527 4098 modo
547 4027 610 4099 Dei
624 4027 734 4124 gracia
752 4022 817 4096 fine
830 4024 992 4124 sanguinis
1009 4019 1164 4184 cffufionge
1181 4047 1276 4120 capta

1124 4146 1134 4180 1
