3462 5110
431 357 482 411 DE
499 357 677 412 IOHANNE
694 357 796 412 REGE
813 357 1042 413 IERUSALEM.
1197 351 1261 431 125

235 603 300 676 que
316 579 351 650 in
370 602 458 674 aqua
473 575 641 669 natabant,
666 575 731 652 sme
747 579 839 677 gravi
859 575 1008 676 dampno
1027 577 1157 649 fuerunt
1172 601 1262 648 recu·
1279 598 1338 646 1218

235 710 355 784 perata.
380 687 476 757 Tunc
494 683 668 756 Christiani
683 683 843 783 gaudium
866 683 1060 777 habuerunt,
1087 687 1122 756 &
1148 681 1189 754 src
1206 707 1265 779 per

235 817 341 866 totam
356 791 501 864 hiemem
525 791 602 889 paffi
626 791 745 863 fuimus
763 795 819 884 ira,
845 790 938 888 quod
955 793 1069 888 quinta
1086 815 1160 889 pars
1177 815 1264 862 exer·

234 903 316 974 cirus
332 923 463 971 mortua
485 898 558 989 suit,
585 902 620 972 &
636 899 730 971 multi
746 901 884 998 ungulas
902 902 1077 972 amiserunt
1093 903 1128 972 δε
1144 896 1264 969 habue-

233 1031 308 1078 runt
326 1006 450 1078 malum
474 1007 510 1076 in
527 1031 584 1078 ore
608 1008 644 1077 &
661 1008 696 1078 in
713 1004 864 1104 pedibus,
882 1005 974 1103 quod
995 1007 1130 1105 agnosci
1145 1004 1261 1102 potest.
1280 1037 1338 1086 1219

281 1113 357 1185 Xlll.
380 1110 583 1209 Perpendens
600 1136 711 1185 autem
736 1111 892 1185 dominus
907 1113 1045 1211 legatus,
1063 1110 1155 1209 quod
1172 1110 1264 1183 nullo

188 1262 192 1270 ·
235 1219 340 1291 modo
360 1216 528 1292 manendo
541 1220 576 1290 in
592 1217 706 1292 sabulo
722 1221 768 1290 eis
784 1244 904 1292 nocere
916 1243 1116 1316 poteramus,
1133 1219 1265 1291 vocavit

235 1352 351 1399 omnes
364 1349 440 1397 ante
451 1326 528 1398 se&
537 1325 629 1398 dixit:
646 1331 731 1422 Quid
734 1332 873 1420 facimus
885 1332 945 1418 sric,
955 1329 1119 1418 curiffimi?
1132 1328 1264 1397 Melius

234 1441 273 1528 est
289 1438 468 1506 nobismori
482 1441 513 1504 in
526 1434 617 1523 bello,
634 1461 721 1526 quam
743 1439 773 1504 in
788 1435 888 1504 aliena
909 1459 989 1504 terro
1003 1440 1100 1505 vivere
1103 1442 1182 1528 ficut
1193 1461 1263 1528 cap-

233 1547 308 1613 tivis
332 1540 367 1611 Et
388 1541 535 1637 precepit
552 1538 716 1629 omnibus,
743 1537 807 1611 esse
828 1562 960 1637 paratos
977 1542 1012 1612 in
1028 1539 1263 1637 purificacione

233 1651 329 1720 Beate
347 1648 458 1737 Marie,
479 1649 514 1719 &
530 1644 583 1738 fic,
607 1647 692 1718 fasia
709 1671 836 1738 aurora,
855 1672 970 1718 omnes
987 1649 1021 1718 in
1043 1646 1156 1718 cochis
1172 1649 1207 1718 δι
1228 1649 1262 1719 in
1275 1677 1339 1726 aar,
1350 1693 1373 1726 2.

233 1755 334 1854 galeis
346 1753 606 1827 ascenderunt&
618 1751 908 1852 ceperuntflumen
920 1753 1103 1842 ascendere,
1116 1753 1171 1852 sed
1184 1779 1262 1851 pro·
1274 1777 1336 1825 reu.
1350 1789 1371 1836 ³·

235 1863 323 1934 xima
334 1884 406 1932 orta
418 1863 462 1932 est
474 1862 645 1958 tempestas
658 1886 748 1932 tanta
761 1863 796 1931 in
808 1867 893 1950 aere,
903 1861 1022 1933 scilicet
1031 1887 1128 1957 aqua,
1135 1885 1262 1956 ventus,

235 1966 377 2068 grando,
397 1969 509 2066 frigus,
527 1967 620 2064 quod
633 1995 735 2040 unum
749 1966 791 2039 de
808 1971 923 2040 nostris
936 1968 1032 2068 signis
1050 1994 1120 2068 non
1131 1965 1264 2042 videbat

235 2074 334 2167 aliud,
358 2077 394 2146 &
410 2100 470 2172 per
488 2098 549 2146 tres
567 2074 687 2147 dies&
704 2079 817 2146 noctes
833 2075 1015 2173 predisiam
1038 2075 1263 2173 tempestatem

234 2183 446 2255 sustinuimus.

283 2288 367 2362 XsV.
393 2290 543 2363 Similiter
565 2290 780 2367 &Sarraceni
798 2286 1022 2385 paciebantur,
1038 2290 1073 2359 &
1091 2286 1266 2359 Christiani

235 2391 277 2466 de
302 2395 521 2468 misericordia
544 2398 608 2468 Dei
634 2419 725 2466 erant
750 2393 909 2490 desperati
934 2397 970 2466 ὃ(
995 2391 1147 2465 dicebant
1164 2394 1265 2466 Davi·

235 2500 347 2572 dicum
369 2503 510 2575 versum:
541 2505 663 2574 Oblitus
685 2509 725 2594 est
749 2507 834 2572 Deus
857 2505 943 2572 nobis
971 2502 1002 2572 sa
1026 2508 1134 2572 averrit
1146 2505 1264 2593 faciem

225 2600 328 2703 suam,
355 2638 391 2681 ne
416 2613 518 2680 videar
544 2638 598 2681 nos
618 2616 648 2680 in
666 2615 760 2701 finem
782 2605 910 2696 (Psaim.
937 2628 989 2701 lx,
1019 2613 1091 2707 31).
1117 2607 1152 2678 Et
1169 2631 1264 2705 cepe·

235 2742 310 2789 runt
322 2716 442 2788 dicere:
456 2718 513 2806 Tu,
526 2722 668 2806 Domine,
681 2723 734 2810 qui
747 2721 847 2787 omnic
859 2719 969 2810 noscis,
985 2729 994 2762 ¹
1008 2721 1262 2810 antequamfianr,

235 2824 407 2917 &custodis
424 2826 508 2911 illos,
527 2831 579 2916 qui
597 2827 640 2894 Te
657 2849 780 2915 querunt
797 2851 832 2892 ex
845 2848 907 2893 roro
925 2827 1024 2911 corde,
1043 2824 1099 2910 Tu,
1119 2827 1262 2914 Domine,

225 2935 317 3025 servo
338 2959 393 3002 nos
414 2931 445 3000 ἃ
468 2934 580 3022 custodi
602 2935 638 3000 ab
662 2935 716 3020 ista
735 2931 877 3024 perversa
899 2929 1080 3023 &nefanda
1105 2955 1204 3023 geme,
1227 2957 1264 3000 ne

226 3045 315 3131 forre
330 3042 444 3109 dicam:
465 3038 535 3111 Unr
552 3056 621 3108 usr
636 3039 735 3109 Deus
752 3055 889 3109 tronum
913 3039 1163 3108 cnucrrrxus?
1190 3040 1262 3106 md-

236 3154 304 3216 iuva
317 3173 382 3234 nos,
402 3151 545 3233 Domine,
564 3171 596 3216 ur
608 3172 665 3215 non
672 3153 763 3242 fimus
774 3161 1038 3216 sUBsANNAclo
1053 3163 1106 3214 ET
1118 3162 1262 3215 ILLUSIO

236 3272 319 3344 nus,
328 3273 394 3333 our
403 3271 443 3324 ΙΝ
453 3271 638 3352 crncurru
648 3270 799 3323 nostro
808 3255 918 3323 sunt!
932 3249 1058 3341 (Psalm.
1069 3269 1173 3338 xun,
1191 3255 1263 3349 13.)

274 3361 349 3432 XV.
364 3359 399 3430 Et
411 3361 501 3431 Deus
510 3383 599 3430 tanta
608 3359 694 3430 mala
702 3358 810 3454 posuit
818 3357 993 3446 interillos,
1008 3355 1100 3452 quod
1109 3357 1263 3429 soldanus

235 3469 311 3540 fecit
326 3466 463 3538 interfici
481 3455 583 3537 unum
601 3464 644 3537 de
659 3465 721 3535 suis
738 3465 938 3554 ammirariis,
955 3465 990 3534 &
1006 3465 1142 3535 Sansius
1156 3467 1263 3536 Geor·

234 3578 307 3676 gius
319 3575 402 3647 visus
414 3571 460 3644 ibi
469 3574 524 3664 est,
536 3575 571 3645 &
580 3572 698 3670 Pagani
708 3595 864 3668 ceperunt
875 3570 998 3668 fugere,
1012 3571 1057 3640 ita
1072 3570 1163 3666 quod
1171 3597 1264 3670 pater
1331 3579 1337 3590 '

234 3708 305 3755 non
322 3679 529 3779 exspestabat
547 3679 662 3771 filium,
685 3682 720 3751 δι
743 3676 929 3750 dimiserunt
950 3680 1075 3767 omnia,
1105 3682 1141 3751 ὅ(
1158 3681 1264 3754 nuilus

235 3787 427 3887 sequebatur
439 3813 505 3860 eos.
518 3788 613 3857 Tunc
622 3786 794 3858 Christiani
802 3813 963 3884 magnum
975 3787 1130 3857 timorem
1142 3785 1263 3860 habue-

236 3922 323 3987 runt,
341 3893 408 3986 sed,
426 3896 513 3967 facia
531 3919 658 3983 aurora,
675 3893 842 3965 neminem
857 3917 916 3989 per
932 3919 1087 3990 campum
1103 3893 1264 3989 viderunt,

272 4141 283 4174 r
303 4127 359 4179 Cod.
372 4124 459 4178 noscit.
