3462 5110
589 367 795 420 ossrmours
815 367 1013 421 namara.
1263 371 1307 449 93

285 585 430 658 Crucem
437 584 592 656 accedere
615 583 781 678 deberent,
795 600 804 632 ¹
831 610 866 656 ut
882 587 946 675 ille,
966 588 1022 683 qui
1038 589 1125 658 inea
1142 588 1311 685 pependit,
1328 625 1392 674 ηις.

284 693 470 764 Christianis
491 693 643 764 auxilium
664 695 699 762 &
714 695 867 766 iuvamen
887 693 964 765 dare
982 691 1127 784 deberet,
1148 719 1183 766 ut
1201 697 1312 768 civita·

284 824 352 871 tem
373 799 528 872 velociter
549 825 664 896 capere
684 798 851 896 polient²
871 801 990 872 Tunc³
1011 801 1175 897 principes
1191 799 1313 874 habue-

284 930 356 977 runt
376 905 555 1000 consilium,
583 907 674 1003 quod
701 933 771 979 non
793 931 861 979 erat
885 906 1013 979 bonum
1033 907 1171 1004 prelium
1198 909 1314 1000 facere,

286 1015 361 1108 quia
386 1013 561 1112 oportebat
586 1040 772 1112 expugnare
797 1015 963 1086 civitatem
989 1017 1023 1084 ἃ
1049 1013 1224 1086 defendere
1251 1016 1314 1086 fos-

284 1121 398 1210 satum,
418 1123 494 1216 quia
509 1148 572 1219 pro
590 1147 657 1193 uno
677 1122 862 1194 Christiano
881 1123 1118 1219 quinquaginta
1138 1124 1315 1213 sarraceni,

285 1230 319 1297 ἃ
335 1225 377 1298 fic
395 1229 624 1300 remanserunt.

333 1334 434 1406 XXX.
458 1340 538 1405 ltem
554 1335 708 1407 dominus
734 1335 858 1433 legatus
884 1337 962 1406 fecit
986 1362 1111 1407 armare
1138 1361 1253 1406 omnes
1282 1338 1316 1407 in
1404 1403 1405 1407 ,

120 1466 158 1511 Μ.
178 1464 194 1510 f.
207 1463 272 1522 ⁶4¹3·
286 1440 432 1532 navibus,
464 1443 498 1513 in
526 1442 664 1513 cochis4
678 1444 713 1512 ἃ
742 1442 844 1539 galeis
874 1445 910 1512 ἃ
937 1441 1063 1513 barcbis
1084 1444 1119 1511 &
1144 1441 1206 1512 alia
1227 1441 1317 1540 ligna

286 1548 328 1619 ad
355 1550 518 1620 civitatem
546 1548 743 1647 capiendam
766 1551 1078 1646 appropinquantes.
1105 1550 1243 1619 Primam
1268 1575 1316 1618 ar-

286 1677 456 1726 maverunt
474 1656 586 1744 Pisani,
608 1654 786 1726 secundam
811 1679 1017 1728 armaverunt
1046 1656 1224 1746 lanuenses,
1254 1679 1316 1726 ter-

285 1761 366 1831 tiam
394 1762 578 1853 Venetiani,
607 1787 757 1860 quartam
787 1762 940 1834 dominus
966 1763 1102 1860 legatuS,
1127 1764 1162 1832 ἃ
1188 1762 1317 1832 fuerunt

286 1892 408 1940 armate
426 1874 545 1942 ottavo
564 1870 617 1942 die
635 1873 774 1942 intrante
801 1870 892 1959 lulio,
923 1867 1076 1940 debonis
1105 1867 1280 1966 peditibus,
1302 1879 1372 1931 51111·
1383 1879 1405 1926 8·

286 1974 456 2047 balestariis
473 1981 507 2048 &
525 1978 675 2049 archeriis
702 1978 787 2048 ferro
807 1977 890 2050 bene
913 1976 1128 2072 coopertis&
1147 1977 1182 2044 in
1200 2001 1317 2047 aurora

287 2081 352 2153 diei
377 2081 497 2155 directe
527 2086 599 2156 sunt
632 2086 715 2156 scale
745 2087 831 2155 circa
865 2085 973 2155 menia
1003 2084 1151 2172 civitatis,
1182 2085 1216 2152 ὅ(
1246 2105 1317 2153 tota

287 2188 340 2260 die
364 2215 633 2288 expugnaverunt
659 2218 737 2262 cum
755 2192 825 2262 illis.
854 2192 973 2287 Pagani
995 2215 1073 2261 vero
1097 2192 1132 2259 &
1152 2189 1319 2260 Sarraceni

287 2322 363 2366 cum
385 2295 546 2368 trabuchis
570 2302 604 2369 ἃ
625 2298 779 2395 prederiis
808 2298 934 2368 fortiter
958 2320 1186 2393 oppugnantes
1203 2297 1318 2392 ignem

288 2403 525 2499 &sulphurem
551 2407 724 2478 accensum
749 2407 843 2504 l'uper
862 2430 916 2475 eas
942 2403 1041 2474 scalas
1063 2405 1320 2499 proiecerunt&

287 2533 416 2604 partem
442 2537 553 2581 earum
585 2508 837 2584 combulierunt.
869 2512 1098 2608 Prospicientes
1121 2509 1181 2582 hec
1210 2509 1318 2579 Chris-

109 2649 138 2694 Ρ.
151 2646 170 2694 f.
186 2659 231 2693 112
241 2647 274 2692 a.
288 2616 377 2708 tiani,
406 2644 516 2689 amare
540 2617 616 2691 flere
633 2623 667 2690 &
684 2643 803 2692 terram
826 2621 963 2691 osculari
982 2644 1147 2715 ceperunt,
1161 2619 1174 2664 ⁶
1195 2643 1320 2689 nomen

288 2753 422 2823 quoque
443 2729 582 2798 Domini
604 2728 704 2798 nostri
730 2727 816 2798 lhel'u
844 2729 962 2798 Christi
983 2727 1139 2798 Crucifixi
1163 2729 1320 2798 invocan-

288 2863 347 2928 tes,
365 2835 508 2908 levantes
521 2849 534 2892 7
550 2861 665 2906 manus
684 2860 768 2906 voce
787 2862 909 2934 magna
922 2836 934 2881 ⁸
947 2832 1113 2907 dicebant:
1133 2839 1318 2932 ovamine,

287 2947 373 3036 lltesu
401 2946 528 3034 Christe,
558 2948 610 3034 qui
642 2944 772 3034 liberasti
802 2970 863 3014 tres
889 2971 1001 3036 pueros
1030 2949 1198 3029 olnmiom,
1233 2948 1320 3036 adqu-

287 3057 378 3142 rt'am,
410 3054 585 3146 Misae'lem
610 3055 647 3122 de
673 3059 790 3122 camino
820 3057 903 3144 ignis
929 3055 1065 3122 ardentis
1091 3050 1122 3118 fr
1147 3055 1251 3119 lorram
1283 3053 1320 3120 de

288 3185 387 3228 ventre
411 3165 479 3247 ceri,
509 3161 604 3229 libera
623 3163 732 3254 servos
760 3162 841 3228 Tuos
858 3162 895 3227 de
919 3165 1000 3229 omni
1017 3159 1097 3227 molo
1116 3157 1172 3227 &9
1178 3159 1319 3249 periculo

290 3274 483 3362 Pagunorum
505 3266 794 3354 mortuariorum,
807 3279 835 3311 ¹0
853 3291 885 3335 ur
901 3271 955 3359 ipfi
975 3271 1097 3359 Pagoni
1115 3292 1172 3334 nort
1190 3267 1321 3334 exultent

327 3453 337 3484 1
360 3436 398 3486 Μ.
412 3451 516 3502 pergere
526 3433 641 3486 debeant.
666 3461 694 3469 -
711 3455 726 3486 2
743 3433 782 3484 M.
798 3433 893 3502 pollrnt.
916 3463 950 3472 -
970 3450 981 3495 3
1006 3433 1031 3482 P.
1046 3430 1131 3483 omittit
1144 3431 1271 3498 sequentia
1287 3433 1320 3481 ab

288 3513 346 3566 hinc
365 3513 437 3582 usque
454 3517 492 3565 ad
502 3515 615 3578 navibus,
634 3513 669 3566 in.
689 3544 724 3552 -
740 3531 757 3576 4
777 3515 803 3565 Ρ.
818 3513 893 3565 habet
906 3513 955 3580 post
973 3529 1063 3580 cupere
1079 3511 1176 3580 possent
1182 3511 1322 3578 sequentem

289 3603 396 3644 textum.-
411 3594 459 3646 His
472 3593 558 3660 itaque
571 3593 654 3661 gestis,
671 3592 788 3644 dominus
800 3592 897 3661 legatus
911 3591 1030 3661 precepit,
1050 3603 1077 3643 ut
1092 3609 1179 3642 omnes
1196 3590 1273 3642 essent
1289 3589 1321 3639 ad

289 3669 416 3724 civitatem
431 3675 624 3743 expugnandam
639 3673 771 3743 preparati.
794 3675 824 3724 In
842 3673 932 3724 odiavo
944 3689 1004 3725 veto
1018 3671 1058 3722 die
1074 3671 1160 3722 mensis
1175 3670 1230 3736 Iulij
1244 3667 1322 3721 coche
1336 3670 1378 3716 Iul.
1390 3670 1411 3715 8.

290 3755 313 3806 δι
326 3755 434 3822 galee&
449 3755 576 3806 barche&
590 3753 636 3805 alia
648 3752 725 3822 ligna,
742 3753 775 3805 ad
787 3752 913 3805 civitatem
927 3752 1165 3821 appropinquantes,
1179 3769 1221 3820 per
1242 3762 1322 3802 totam

290 3834 356 3888 diem
368 3845 583 3904 expugnaverunt.
604 3835 703 3903 Pagani
715 3853 774 3887 vero
791 3836 815 3887 δι
833 3834 969 3900 Sarraceni,
992 3834 1015 3886 se
1033 3831 1135 3884 firmiter
1153 3831 1324 3894 defendentes,

290 3921 361 3987 super
372 3917 458 3981 scalas,
478 3933 526 3985 que
545 3916 572 3967 in
592 3914 647 3984 ipsis
663 3916 748 3968 rochis
763 3916 785 3968 δι
799 3915 876 3984 galeis
890 3917 915 3968 δι
931 3914 1028 3967 barchis
1045 3924 1124 3979 erant,
1142 3913 1227 3982 ignem
1240 3913 1264 3964 δι
1277 3910 1323 3963 sul-

290 3998 369 4051 furem
391 3997 521 4049 accensum
541 3996 699 4066 proiecerunt
717 3998 740 4049 δι
758 4007 854 4064 partem
873 4011 958 4046 earum
977 3993 1172 4046 combusserunt.
1196 4023 1227 4031 -
1250 4011 1262 4058 5
1281 3992 1320 4043 M.

292 4079 404 4147 pedibus.
426 4107 458 4116 -
476 4077 530 4130 6P.
549 4079 582 4129 δι.
598 4095 660 4138 -7
678 4079 716 4130 Μ.
731 4095 775 4130 om.
797 4094 892 4127 manus.
913 4106 945 4116 -
966 4082 979 4127 8
997 4078 1022 4128 P.
1037 4075 1119 4126 levata
1133 4091 1203 4140 voce,
1216 4073 1323 4126 omittens

291 4159 401 4214 levantes
415 4177 512 4215 manus.
529 4177 592 4229 —9
608 4160 635 4213 Ρ.
650 4177 696 4214 om.
710 4189 746 4200 -·
762 4176 792 4212 10
806 4159 833 4213 Ρ,
848 4175 893 4212 om.
909 4158 974 4228 Pag.
990 4157 1014 4208 δι
1028 4158 1091 4209 Sarr.
