3462 5110
509 380 548 434 ru
566 379 765 434 orsmroue
785 380 983 434 unumve.
1189 379 1251 460 151

232 603 279 672 rei
294 601 467 674 Christiani
481 600 577 674 valde
594 625 802 698 expaverunt,
819 600 911 675 nullo
929 625 1081 699 cogente,
1098 601 1332 686 factost-1219

232 706 299 780 tem
325 733 432 797 mane,
471 709 638 780 neminem
663 735 723 805 per
746 733 902 804 campum
932 706 1081 780 viderunt
1112 707 1256 804 dixitque

231 841 314 886 unus
332 813 375 886 ad
391 817 533 888 nostros:
553 823 675 911 Pagani
688 818 861 910 recefferunr
873 813 1011 907 &castra
1020 819 1257 910 succumbentis

221 928 293 1017 suit
305 925 488 1016 reliquerunt
502 929 515 994 l

277 1030 364 1102 XVl.
384 1030 479 1102 Tunc
497 1030 682 1102 christianus
700 1030 854 1102 exercitus
866 1029 1032 1121 intellexit,
1050 1028 1142 1124 quod
1155 1029 1257 1102 lhesus

229 1135 374 1208 Christus
399 1137 516 1208 milites
534 1138 607 1230 suos
629 1135 672 1206 ad
689 1134 948 1234 expugnandum
964 1138 1114 1206 inimicos
1130 1137 1256 1208 nostros

228 1267 290 1340 pro
304 1240 399 1314 nobis
417 1240 555 1334 mistllet,
574 1245 768 1338 conciteque
781 1241 904 1314 flumen
919 1269 1033 1314 omnes
1049 1244 1256 1335 transeuntes,

227 1348 442 1423 laudaverunt
449 1351 636 1420 Dominum
644 1347 916 1421 &benedicentes
930 1352 1082 1422 Santram
1091 1350 1256 1449 Agathatn

227 1459 262 1528 in
278 1459 369 1528 cuius
385 1457 466 1528 festo
484 1481 600 1528 omnes
618 1453 817 1546 transierunt,
843 1457 1014 1553 spoliisque
1032 1483 1147 1528 eorum
1168 1484 1256 1530 exer·
1269 1477 1332 1524 Febr.
1344 1490 1365 1538 ς.

228 1566 307 1636 citus
326 1564 370 1635 est
387 1588 571 1652 renovatus,
596 1567 631 1634 ἃ
649 1587 725 1634 tunc
751 1589 789 1634 ex
809 1588 944 1659 utraque
958 1587 1052 1661 parte
1070 1561 1195 1635 obsessa
1212 1565 1257 1636 est

227 1673 349 1761 civitas,
368 1669 532 1765 nichilque
547 1672 685 1741 omnino
700 1667 868 1742 timebant.
885 1671 980 1742 Tunc
991 1672 1138 1766 precepit
1150 1669 1256 1744 domi·

227 1801 286 1848 nus
312 1776 450 1875 legatus,
479 1777 513 1846 in
539 1778 672 1848 circuitu
701 1775 770 1848 fieri
798 1773 963 1868 foliatum,
994 1774 1184 1873 obsellaque
1212 1778 1257 1848 est

228 1883 349 1973 civitas,
367 1881 459 1979 quod
476 1882 581 1954 nullus
599 1908 660 1954 nec
678 1884 774 1973 exire,
791 1908 853 1953 nec
870 1884 1004 1954 introire
1020 1907 1158 1980 poterat.

274 1989 338 2072 XV
339 1995 371 2061 ll.
398 1995 432 2060 ln
451 1990 513 2060 hac
532 2013 642 2061 autern
659 1986 829 2061 obsidione
848 1986 889 2060 de
905 1989 1034 2086 pilcoto
1051 1989 1124 2060 satis
1141 1987 1255 2063 habui-

225 2121 308 2184 mus,
328 2095 384 2168 sed
397 2095 438 2168 de
455 2098 535 2170 vino
552 2099 587 2169 ἃ
603 2121 699 2168 carne
715 2120 845 2167 recente
862 2098 1004 2166 maxima
1017 2095 1160 2167 carestia¹
1185 2095 1255 2169 fuit.

224 2202 331 2274 Tanta
358 2203 456 2274 etiarn
476 2203 536 2272 fuir
558 2204 699 2294 carestia,
725 2201 819 2298 quod
837 2226 920 2274 unus
938 2204 1031 2290 aries,
1059 2201 1112 2274 vel
1126 2229 1256 2296 vervex,

224 2309 373 2381 venditus
399 2309 459 2378 fuit
484 2334 544 2404 pro
571 2307 688 2380 decem
714 2309 815 2380 unciis
840 2309 910 2379 auri
933 2311 968 2380 δε
991 2308 1104 2405 gallini
1119 2334 1180 2405 pro
1200 2313 1255 2380 tri·

225 2417 315 2513 ginta
333 2413 442 2486 solidis
460 2418 609 2488 &ovum
626 2441 688 2512 pro
703 2412 832 2486 duobus
845 2413 965 2506 solidis,
983 2417 1017 2487 &
1033 2415 1146 2486 vinum
1159 2417 1255 2488 nimis

225 2547 299 2594 care
316 2519 530 2594 vendebatur.
1360 2515 1368 2528 ⁵

75 2652 117 2700 for.
132 2653 175 2711 178
188 2654 207 2698 s.
272 2628 380 2700 XVlll.
398 2629 468 2699 Post
480 2629 669 2725 quindecim
681 2629 799 2700 iterum
811 2626 879 2701 dies
893 2627 1056 2720 soldanus,
1071 2655 1125 2700 rex
1137 2628 1254 2726 Egipti,
1268 2664 1330 2712 reb„
1342 2681 1379 2714 20,

223 2735 259 2804 δι
273 2731 487 2826 Corradinus,
513 2735 608 2807 frater
625 2737 706 2824 eius,
731 2760 787 2806 rex
804 2735 894 2827 Sine,
915 2758 1073 2808 venerunt
1089 2732 1252 2810 dicentes:

225 2843 254 2910 0
285 2843 462 2932 Christiani,
501 2867 553 2912 aut
585 2867 711 2935 oportet,
739 2868 794 2912 nos
818 2845 1053 2914 machomum
1082 2870 1193 2938 negare
1221 2844 1252 2914 ὂ

225 2948 252 3016 C
252 2951 412 3038 liristr'artos
424 2949 490 3040 effe,
508 2973 559 3018 out
572 2973 698 3042 oportet,
712 2974 766 3019 vos
780 2951 928 3041 Clrrz'flum
940 2950 1093 3045 negare&
1108 2957 1253 3044 Pugnant

225 3054 302 3146 effe!

458 3271 509 3338 ‘De
526 3274 620 3339 tertio
638 3270 765 3339 adventu
777 3271 1019 3342 sarracenorum.

272 3479 442 3551 Venerunt
455 3503 567 3550 autem
584 3479 678 3575 super
694 3504 756 3549 nos
774 3506 813 3551 ex
829 3479 883 3552 illa
898 3505 1001 3577 parte,
1019 3506 1085 3577 qua
1100 3482 1253 3554 nondum

223 3586 328 3656 fuerat
357 3583 512 3658 fossatum
540 3585 756 3682 completum,
789 3583 899 3683 ibique
928 3587 1071 3658 infinitus
1100 3616 1254 3665 numerus

224 3716 340 3762 eorum
362 3692 550 3765 interfedus
573 3693 628 3783 est,
655 3690 932 3790 obtinueruntque
952 3695 1123 3791 Christiani
1142 3699 1176 3768 in
1198 3699 1253 3773 illa

225 3795 279 3869 die
298 3799 478 3871 vidlorianr.

272 3904 447 3978 XlX-XXI.
466 3909 582 3976 lterum
605 3909 723 3980 oslava
740 3903 793 3978 die
806 3907 912 3998 Martii
929 3934 1088 3983 venerunt
1099 3908 1252 3987 soldanus
1264 3937 1331 3986 Mart.
1344 3939 1365 3986 s.

260 4159 270 4192 t
286 4142 315 4192 In
327 4139 442 4208 margine
456 4157 512 4194 vox
525 4139 627 4199 catellis
639 4139 795 4210 explicatur:
808 4141 920 4211 penuria.
