3466 5110
478 413 529 465 DE
554 413 841 468 PREDICACIONE
867 415 892 467 S.
919 416 1060 469 CRUCIS.
1236 423 1276 472 21

252 629 366 701 Homo
382 629 486 699 ladius
503 629 558 722 est,
575 653 610 702 ut
625 632 787 727 particeps
805 654 915 702 eterne
933 631 1039 729 glorie
1052 630 1096 705 ht.
1116 635 1281 706 Dominus

250 762 349 809 vocat
367 762 399 810 te
416 765 475 834 per
488 740 653 837 apostolos
670 742 705 809 δε
722 739 899 836 prophetas
917 743 952 810 &
970 764 1031 810 nos
1049 740 1281 837 predicatores,

251 869 287 914 ut
305 871 365 942 per
382 848 484 916 crucis
504 847 731 944 sumpcionem
748 844 867 918 habeas
884 845 929 939 id,
948 871 1084 944 propter
1105 848 1198 944 quod
1215 850 1281 921 fac-

251 975 300 1021 tus
316 977 359 1023 es.
378 955 480 1050 Surge
496 980 588 1051 ergo,
604 958 668 1026 &c
721 999 725 1008 ·

298 1063 392 1131 Item:
408 1059 557 1157 Qilihet
570 1060 674 1132 fidelis
686 1063 768 1158 petit
780 1089 798 1133 a
812 1061 962 1132 Domino
976 1062 1193 1135 remiffionem
1205 1091 1281 1160 pec-

251 1189 402 1238 catorum
424 1174 457 1239 &
475 1193 595 1265 pacem
612 1193 766 1239 eternam.
801 1169 965 1239 Dominus
986 1168 1092 1239 noster
1109 1169 1206 1242 offert
1223 1170 1281 1244 tibi

249 1271 349 1360 fideli,
367 1272 461 1368 quod
476 1272 517 1345 ab
532 1301 573 1345 eo
589 1277 681 1371 petis,
696 1273 882 1346 dummodo
898 1276 1057 1346 contricio
1072 1279 1107 1346 &
1124 1277 1280 1350 confeliio

250 1381 452 1476 perveniant.
470 1383 572 1478 Surge
589 1408 682 1480 ergo,
696 1386 758 1454 &c

299 1491 396 1557 ltem:
411 1487 503 1584 Quid
518 1488 604 1559 dices
616 1491 648 1558 in
663 1487 834 1559 tremendo
848 1486 902 1558 die
914 1486 1022 1577 iudicij
1038 1490 1188 1560 Domino
1203 1517 1281 1588 que·

249 1594 344 1664 renti:
364 1595 476 1692 Quare
496 1596 623 1667 noluisti
639 1594 680 1666 ad
694 1597 748 1666 Me
764 1596 885 1682 venire,
905 1593 1040 1690 quando
1054 1621 1086 1667 te
1106 1596 1280 1671 mandavi?
1363 1647 1366 1654 ·

250 1699 354 1790 Cave,
371 1726 413 1771 ne
438 1700 526 1773 dicat
551 1700 620 1792 tibi,
640 1734 658 1767 α
675 1711 788 1790 ermen,
807 1731 902 1788 amen,
921 1706 989 1772 dieo
1007 1707 1075 1792 tibi,
1093 1709 1192 1798 neseio
1213 1732 1243 1776 te
1261 1737 1279 1771 u

250 1808 395 1896 (Matth,
407 1829 497 1896 XXV,
516 1808 585 1908 12),
604 1813 639 1880 &
656 1836 697 1879 ne
715 1808 802 1880 dicat
815 1807 894 1880 illud
908 1807 1061 1881 horribile
1072 1808 1142 1898 tihi,
1160 1841 1178 1874 cr
1189 1817 1271 1884 Vade

1272 1871 1282 1906 5

250 1917 418 2002 maledicte,
447 1923 477 1986 in
498 1924 597 2010 ignem
615 1943 777 1987 eternum»
799 1917 1000 2010 (Luc.,x111,
1020 1921 1155 2013 2547).
1181 1919 1227 1990 Ut
1244 1918 1282 1991 fis

250 2046 329 2116 ergo
355 2021 463 2093 servus
498 2020 655 2092 obediens
686 2024 836 2093 Domino
865 2047 923 2093 tuo
953 2025 988 2092 ἃ
1014 2023 1139 2094 securus
1169 2025 1202 2095 in
1228 2024 1282 2098 die

250 2127 434 2218 tremend0,
452 2131 562 2201 venias
579 2127 622 2199 ad
639 2127 844 2216 mandatum,
860 2131 916 2224 qui
933 2127 1022 2218 dicit,
1034 2161 1051 2192 a
1063 2134 1193 2222 Sequere
1204 2160 1278 2202 me»

250 2232 378 2325 (Marc,
397 2255 435 2323 11,
463 2236 529 2332 14),
546 2239 581 2306 &
599 2236 688 2305 cuius
707 2237 843 2306 nuncius
861 2261 926 2332 ego
944 2235 1025 2323 sum,
1039 2237 1073 2304 &
1090 2238 1281 2310 auctoritate

249 2342 316 2412 eius
340 2366 371 2412 te
398 2367 535 2432 monet),
562 2366 597 2412 ut
621 2368 697 2412 eum
715 2342 865 2437 sequaris.
900 2343 1027 2438 Rumpe
1046 2368 1125 2440 ergo
1146 2342 1281 2438 laqueos

250 2447 390 2518 falsitatis
412 2451 446 2519 ὅ(
468 2450 561 2546 lorge
579 2449 613 2519 in
630 2475 706 2520 vera
723 2446 789 2520 fide
808 2452 842 2520 δε
861 2449 948 2520 sume
969 2475 1112 2540 crucem,
1132 2475 1166 2520 ut
1184 2449 1280 2546 poffis

249 2553 356 2626 dicere
373 2557 405 2624 in
425 2554 478 2626 die
495 2555 604 2644 iudicij
623 2589 630 2626 ε
650 2557 806 2647 Domine,
824 2581 885 2651 pro
905 2583 958 2627 me
976 2557 1059 2627 fuisti
1076 2559 1108 2628 in
1127 2581 1233 2648 cruce,
1246 2560 1281 2627 &

249 2689 314 2759 ego
333 2665 367 2733 in
386 2687 481 2732 cruce
497 2689 557 2758 pro
575 2664 634 2752 Te,
663 2663 714 2732 Tu
734 2662 816 2734 fuisti
833 2687 981 2734 mortuus
998 2690 1060 2761 pro
1079 2691 1143 2752 me,
1163 2666 1279 2760 &ego

249 2794 310 2864 pro
328 2771 394 2842 Tel
424 2772 525 2866 Surge
542 2762 634 2866 erg0,
651 2769 740 2841 serve
758 2771 869 2841 Dei&
886 2772 963 2866 quia
979 2771 1086 2844 servus
1104 2773 1182 2862 eius,
1201 2770 1280 2842 ideo

249 2873 382 2947 obedire
401 2879 518 2947 teneris
536 2878 578 2947 ei!

298 2989 395 3054 ltem:
415 2984 581 3054 Dominus
595 2985 755 3081 cognovit
772 2985 893 3055 secreta
910 2983 1070 3056 cordium.
1084 2986 1116 3056 Si
1129 3012 1210 3084 ergo
1225 2986 1280 3058 ali·

250 3091 320 3184 quis
346 3089 489 3160 nostrum
511 3089 547 3160 stt
572 3090 654 3180 talis,
681 3092 737 3186 qui
762 3114 898 3187 propter
914 3117 1053 3188 regnum
1078 3093 1198 3189 Anglie
1228 3092 1281 3166 vel

250 3196 358 3267 Gallie
371 3196 553 3294 temporale
569 3197 665 3268 vellet
678 3199 802 3268 sumere
820 3223 963 3284 crucem,
978 3200 1115 3268 coniuro
1129 3226 1205 3269 eum
1221 3226 1280 3297 per

48 3329 133 3394 Ats3
144 3331 168 3390 s,
181 3347 201 3377 e.
216 3343 236 3376 1.
250 3301 464 3399 aspersionem
493 3306 657 3400 sanguinis
687 3304 773 3375 lhesu
800 3304 928 3395 Christi,
955 3303 1047 3399 quod
1076 3306 1144 3402 ipse
1174 3307 1280 3377 sumat

249 3435 378 3481 crucem
388 3436 449 3506 pro
463 3437 567 3510 regno
579 3412 737 3503 celorum,
752 3409 845 3506 quod
855 3413 1099 3483 esteternum&
1115 3411 1289 3484 infinitum

247 3517 371 3587 melius.
390 3518 572 3616 lntelligite,
593 3521 684 3612 quod
703 3551 721 3582 u
733 3524 885 3588 Dominus
898 3525 937 3610 est
941 3523 1098 3611 scrutator
1114 3524 1248 3591 cordium
1259 3553 1277 3585 u

247 3626 282 3693 &
298 3625 357 3694 erit
378 3622 475 3696 iudex
497 3625 602 3695 noster
627 3622 729 3721 (Sap,
749 3645 773 3714 Ι,
792 3624 840 3717 6).
863 3624 993 3718 Videte,
1013 3654 1055 3697 ne
1076 3624 1170 3699 vohis
1193 3626 1281 3698 dicat

246 3733 281 3800 in
301 3729 443 3801 iudicio:
465 3731 535 3802 Vos
561 3732 756 3828 preelegistis
780 3756 922 3822 terrena,
948 3735 982 3803 &
1003 3759 1065 3830 pro
1090 3735 1134 3804 eis
1156 3759 1279 3830 propo-

245 3837 344 3907 suistis
359 3837 499 3930 celestia,
513 3837 603 3932 quod
617 3836 706 3925 absit,
717 3841 751 3909 ὅ(
761 3866 802 3910 ne
812 3838 899 3910 dicar
912 3836 1006 3909 nobis
1019 3841 1052 3910 in
1062 3838 1279 3936 opprobrium

245 3943 337 4033 illud,
355 3943 446 4039 quod
469 3944 514 4014 est
538 3945 571 4015 in
590 3947 719 4015 cantico
740 3979 747 4015 ι
768 3978 786 4010 α
805 3950 940 4039 Surgunt
957 3973 1029 4044 opes
1054 3954 1149 4039 nostre
1165 3947 1196 4016 62
1213 3955 1279 4043 opi·

246 4054 375 4122 mlentur
395 4055 481 4124 vobis
507 4083 524 4116 u
550 4052 607 4146 (cf.
631 4053 824 4144 Deuteron,
850 4053 1068 4150 xxx11,38),
1092 4055 1156 4125 &c.
1179 4055 1279 4152 Surge

248 4183 340 4260 erg0,
357 4161 420 4232 &c.
