3462 5110
436 361 483 437 86
900 379 1027 433 casca

364 634 422 682 1219
436 627 536 696 quem
563 599 725 672 faciebant
753 602 917 672 Sarraceni
945 598 1115 697 fugiendo.
1146 600 1180 672 Et
1204 602 1238 671 in
1264 627 1380 672 aurora
1402 601 1466 673 diei

326 727 390 773 reu.
402 739 423 788 ς.
435 709 551 780 Sande
568 708 697 805 Agathe
711 708 798 779 fac‘ra
811 708 871 778 fuit
883 707 1096 803 tranquillitas
1104 709 1139 779 in
1151 706 1297 799 flumine,
1308 711 1343 778 &
1355 708 1465 779 Chris·
1478 731 1538 778 Mur.
1550 748 1571 793 p.
1585 746 1656 794 1091.

435 816 524 905 tian‘i,
551 816 609 910 qui
634 839 725 886 erant
742 817 776 884 in
791 815 899 911 lignis,
928 811 1099 885 audierunt
1123 841 1223 886 unam
1241 841 1362 888 vocem
1378 817 1466 888 iuxta

433 919 557 992 flumen
586 919 767 992 dicentem:
799 925 1022 1014 OClrristr'urrr‘,
1050 925 1124 1015 quid
1137 927 1276 1013 fucitis?
1301 927 1375 991 Ecce
1392 926 1465 992 Sur·

431 1034 533 1098 racenr'
545 1056 645 1099 omnes
648 1033 789 1122 fugiunt,
802 1030 899 1098 &non
908 1032 1056 1123 exspetlar
1061 1054 1152 1121 pater
1156 1030 1262 1118 filium
1268 1035 1281 1098 l
1295 1029 1465 1099 Etintetim

432 1130 582 1205 viderunt
600 1161 704 1206 unum
721 1136 859 1206 militem
880 1133 960 1206 albis
977 1133 1127 1225 vestibus,
1154 1134 1243 1205 iuxta
1258 1132 1382 1205 flumen
1400 1134 1466 1207 hoc

432 1238 608 1329 dicentem,
631 1245 666 1313 ἃ
687 1243 857 1313 confestim
875 1239 1112 1313 descenderunt
1128 1240 1172 1312 ad
1193 1265 1311 1312 terram
1336 1244 1372 1313 &
1396 1267 1465 1314 non

429 1350 625 1421 invenerunt
645 1347 702 1419 nist
723 1375 847 1446 paucos
865 1351 1059 1420 Sarracenos
1077 1373 1135 1444 per
1152 1372 1309 1444 campum
1328 1351 1363 1418 &
1377 1350 1465 1420 occi-

432 1453 549 1526 derunt
560 1481 618 1526 eos
637 1459 673 1527 &
690 1456 811 1527 multos
822 1457 1016 1528 invenerunt
1033 1478 1193 1544 mortuos,
1209 1458 1245 1525 ἃ
1262 1457 1319 1551 qui
1336 1454 1464 1528 occide-

431 1559 572 1652 bareos,
592 1561 785 1634 nesciebant.

479 1669 543 1740 XV
546 1674 577 1739 ll.
598 1670 632 1738 Et
648 1671 842 1742 invenerunt
863 1669 1036 1741 Christiani
1057 1671 1091 1738 in
1113 1667 1203 1739 diclo
1227 1694 1349 1766 campo
1368 1673 1463 1768 papi-

430 1775 546 1866 liones,
569 1773 727 1846 travaclas
755 1774 923 1846 rarilsrmas
944 1777 979 1845 δε
997 1773 1113 1844 cultras
1143 1776 1286 1870 optimas
1308 1778 1343 1846 δε
1369 1802 1463 1849 orna·

431 1905 554 1968 menta,
587 1906 713 1971 aurum,
744 1905 918 1978 argentum
945 1884 980 1952 ἃ
1009 1882 1084 1952 vasa
1114 1907 1210 1952 aurea
1237 1884 1273 1952 ἃ
1297 1907 1463 1980 argentea,

430 1986 585 2076 camelos,
604 1985 705 2060 boves
718 1991 754 2058 ἃ
766 1986 881 2078 almos,
899 1986 1085 2078 biscoctum,
1103 1988 1242 2058 farinam
1253 1989 1463 2061 &hordeum

431 2095 581 2164 multum.
610 2092 707 2166 Unde
725 2117 899 2167 renovatus
923 2094 967 2164 est
984 2118 1072 2165 torus
1089 2096 1246 2166 exercitus
1263 2094 1462 2168 Christiano-

429 2226 511 2272 rum.
526 2203 621 2271 Tunc
633 2202 860 2272 intellexerunt
873 2200 1058 2288 Christiani,
1073 2199 1164 2295 quod
1178 2202 1343 2272 Dominus
1356 2203 1463 2276 noster

430 2309 511 2379 lesus
532 2308 676 2379 Christus
697 2306 867 2379 transmifit
891 2308 1027 2404 angelos
1053 2307 1128 2376 suos
1154 2305 1197 2377 ad
1222 2309 1462 2405 expugnandos

428 2416 513 2507 illos,
538 2417 689 2512 quinon
714 2414 862 2505 credunt,
892 2415 1078 2485 Dominum
1099 2411 1219 2486 venille
1244 2415 1278 2484 in
1300 2417 1461 2514 virginem

429 2524 576 2594 Mariam.
601 2523 636 2592 Et
665 2546 743 2592 tunc
772 2522 947 2592 Christiani
964 2544 1095 2592 cantare
1111 2521 1320 2617 inceperunt:
1349 2526 1460 2597 Gloria

429 2637 460 2701 in
478 2633 596 2726 excelfir
615 2636 683 2701 Deo
705 2632 740 2699 ἃ
761 2628 804 2698 Te
821 2635 920 2698 Deum
937 2626 1203 2699 &laudaverunt
1224 2628 1409 2700 Dominum
1427 2638 1462 2705 ἃ

427 2741 561 2809 Beatam
592 2736 755 2834 Agathen.
787 2735 822 2806 Et
848 2737 905 2806 illo
936 2734 989 2806 die
1025 2736 1203 2832 posuerunt
1231 2733 1369 2809 districle
1402 2739 1460 2813 ad·

427 2844 553 2916 sedium
569 2847 604 2916 in
630 2845 764 2914 circuitu
788 2844 952 2932 Damiate,
986 2845 1031 2914 ita
1060 2839 1153 2937 quod
1177 2857 1263 2912 nec¹
1289 2845 1375 2916 exire
1394 2846 1462 2920 'nec

427 2955 547 3044 intrare
563 2974 726 3048 poterant.

475 3061 587 3132 XVlll.
619 3060 713 3130 Tunc
747 3058 968 3128 remanserunt
999 3059 1033 3128 in
1071 3057 1226 3127 Damiata
1257 3056 1332 3128 lxxx
1358 3061 1460 3135 millia

425 3170 677 3238 Sarracenorum
693 3169 728 3237 δι
750 3166 934 3236 mulierum.
960 3165 995 3234 Et
1012 3164 1158 3235 fecerunt
1179 3162 1360 3259 arginalem
1377 3193 1458 3241 con·

426 3297 474 3344 tra
503 3275 679 3345 exercitum
711 3273 753 3345 de
781 3272 933 3364 biscott0,
963 3271 1005 3342 de
1028 3272 1134 3359 case0,
1164 3268 1207 3358 de
1236 3269 1330 3340 lardo
1356 3275 1391 3342 &
1418 3274 1459 3347 de

426 3382 493 3452 aliis
515 3379 717 3471 vidualibus,
746 3377 918 3477 dequibus
935 3376 1101 3452 habebant
1117 3375 1365 3451 abundantiam.
1395 3381 1459 3453 Sed

427 3487 468 3559 de
492 3515 579 3586 pane
605 3489 777 3559 recenti&
795 3489 874 3560 vino
899 3490 934 3558 ἃ
960 3486 1001 3559 de
1028 3513 1125 3559 carne
1152 3485 1276 3557 frescha
1298 3488 1459 3558 caristiam

426 3621 585 3693 magnam
608 3591 784 3685 habebant,
813 3595 858 3664 ita
882 3592 974 3689 quod
999 3595 1080 3665 aries
1106 3619 1188 3664 unus
1210 3617 1231 3662 x
1253 3593 1355 3663 unciis
1379 3620 1459 3666 ven·

426 3701 511 3772 ditus
538 3703 598 3774 fuit
619 3704 654 3772 δι
681 3727 746 3771 una
772 3699 894 3799 gallina
920 3725 982 3770 xiix
1003 3698 1114 3770 soldos
1148 3701 1183 3769 δι
1216 3724 1320 3769 unum
1355 3726 1458 3772 ovum

426 3809 510 3881 duos
532 3807 660 3899 soldos3
687 3808 845 3878 caristiam
871 3809 939 3879 vini
965 3833 1034 3877 non
1057 3805 1227 3904 pollumus
1254 3832 1455 3894 enumerare,

426 3941 512 3987 certe
523 3942 600 3986 cum
614 3914 786 4005 lachrymis
796 3914 1013 4011 unusquisque
1024 3929 1038 3960 ²
1048 3912 1254 4010 loquebatur.
1270 3914 1376 3983 Tanta
1389 3937 1457 3985 erat

465 4182 474 4215 1
490 4165 530 4216 M.
544 4180 589 4216 om.
604 4180 658 4215 nec.
672 4193 706 4200 —
720 4182 734 4213 2
749 4164 787 4215 Μ.
802 4161 942 4231 unicuique.
