3466 5110
461 375 769 430 cnuc1cnnonun
795 375 1079 431 nnnxanonum.
1236 379 1281 458 35

249 599 327 692 dita,
357 599 411 669 cui
440 598 669 698 rex'Ungarie
697 600 732 669 &
762 595 828 672 dux
860 599 985 670 Austrie
1015 597 1110 670 nudis
1144 597 1283 696 pedibus
1314 626 1373 671 1217

249 729 458 779 occurrentes
476 703 611 776 osculati
626 705 709 796 sunt,
737 702 871 778 obviam
894 729 1007 777 euntes
1024 704 1162 778 soldano
1177 703 1282 800 Baby·

248 812 349 902 lonie,
384 815 474 884 cuius
505 811 588 882 filius
618 809 816 902 Coradinus,
850 838 1076 910 pugnaturum
1105 814 1136 885 se
1168 836 1284 884 contra

250 919 449 1010 christianos,
466 921 649 990 instaverat.
673 920 851 992 Venientes
870 921 980 1016 itaque
997 920 1099 990 nostri
1115 917 1158 991 ad
1175 921 1284 991 fontes

249 1023 410 1117 Tubanie,
428 1023 583 1123 premissis
599 1022 870 1121 exploratoribus,
896 1023 987 1125 signa
1003 1026 1131 1098 hostilia
1155 1051 1284 1125 cogno·

250 1157 374 1206 verunt.
389 1133 544 1228 Sequenti
557 1157 634 1204 vero
651 1129 703 1203 die
716 1157 823 1229 prope
836 1158 967 1204 montes
980 1131 1103 1206 Gilboe
1117 1135 1284 1206 venientes
1297 1154 1358 1200 nov.
1366 1168 1389 1214 4.

249 1240 443 1311 Bethsanam
460 1235 692 1336 processerunt,
714 1237 771 1310 ubi
789 1239 889 1310 castra
906 1240 1019 1312 fixerat
1035 1238 1233 1313 adversarius
1250 1243 1285 1312 δε

249 1346 303 1418 ille
327 1349 424 1418 trium
449 1371 565 1444 regum
582 1346 782 1441 presenciam
806 1347 933 1444 lugiens
956 1373 1074 1420 terram
1095 1347 1285 1422 vastandam

41 1478 71 1536 n,
80 1495 101 1539 p.
113 1487 170 1536 225,
182 1493 202 1524 c.
215 1489 238 1521 ι.
250 1454 378 1551 reliquit
405 1453 589 1525 christianis.
620 1450 718 1526 Unde
748 1455 811 1524 Dei
841 1455 983 1551 populus
1014 1453 1200 1546 Iordanum,
1229 1454 1286 1550 qui

248 1587 355 1659 prope
381 1562 435 1648 est,
464 1557 616 1634 tranfiens
637 1561 671 1631 in
693 1560 803 1657 vigilia
827 1562 968 1653 Martini,
993 1565 1028 1634 in
1052 1564 1123 1659 ipso
1149 1561 1285 1659 pacifice
1298 1584 1401 1630 nomo.

251 1693 393 1765 corpora
414 1668 505 1740 lavit.
539 1664 795 1738 Deinde2secus
820 1695 909 1740 mare
926 1669 1055 1741 Galilee
1073 1666 1282 1768 peragrando

249 1775 336 1864 loca,
360 1777 394 1845 in
412 1771 529 1870 quibus
550 1774 697 1846 Salvator
712 1777 918 1849 conversatus
936 1777 990 1868 est,
1009 1777 1286 1874 conspeximus&

250 1909 309 1980 per
318 1881 564 1978 Capharnaum,
577 1880 725 1952 infirmos
733 1884 860 1953 nostros
873 1907 1050 1979 portantes,
1060 1885 1159 1955 nostri
1167 1885 1286 1957 Achon

250 1987 363 2062 reverfi
371 1990 444 2060 sunt
463 2014 539 2060 cum
556 1988 762 2060 multitudine
775 1992 985 2086 captivorum
999 1990 1144 2088 &preda
1153 2017 1285 2088 magna.

250 2098 426 2195 Episcopus
440 2119 550 2167 autem
563 2094 776 2187 Acbonensts,
789 2095 977 2193 predicator
989 2095 1197 2186 dulcissimus,
1211 2125 1285 2196 par·

251 2203 346 2277 vulos
360 2229 488 2295 omnes,
507 2229 591 2298 quos
607 2203 660 2275 vel
675 2228 783 2299 prece,
802 2204 854 2276 vel
871 2207 982 2300 precio
1002 2203 1149 2277 obtinere
1166 2208 1285 2301 potuit,

253 2310 431 2407 baptizavit
461 2315 496 2383 &
531 2311 615 2381 inter
646 2310 814 2408 religiosos
848 2311 1013 2407 applicare
1048 2311 1213 2408 disposuit.
1249 2318 1284 2384 ln

252 2415 398 2489 secundo
424 2419 569 2514 equitatu
586 2441 722 2490 ventum
746 2417 790 2488 est
814 2415 857 2489 ad
874 2441 1024 2489 montem
1050 2415 1195 2509 Thabor,
1228 2417 1283 2492 ubi

38 2549 76 2606 v,
85 2548 171 2607 f.4v0,
184 2562 206 2593 c.
218 2559 238 2593 1.
252 2522 459 2621 impuberem
472 2526 695 2614 Sarracenum,
708 2526 797 2597 viam
808 2538 820 2585 3
832 2522 928 2597 nobis
941 2527 1162 2615 nunciantem,
1179 2526 1282 2597 sacer·

253 2633 347 2706 dotes
381 2628 601 2728 baptizabant.
638 2632 817 2702 Dominica
840 2658 919 2705 vero
955 2629 1114 2705 adventus
1144 2634 1284 2704 Domini
1296 2656 1354 2704 nec.
1364 2672 1384 2719 3.

251 2743 359 2836 prima
374 2739 539 2837 peregrini
551 2736 593 2810 ad
609 2735 759 2809 laborem
775 2738 848 2810 sunt
865 2739 992 2810 invitati
1007 2741 1042 2809 δι
1059 2740 1093 2811 in
1106 2741 1215 2836 primo
1232 2741 1282 2810 in-

249 2846 332 2918 sultu
349 2847 525 2918 straverunt
541 2845 752 2917 castellanum
770 2843 1023 2919 descendentem
1040 2849 1075 2917 δε
1087 2845 1284 2919 amiraldum

250 2979 354 3025 unum
370 2979 448 3025 cum
464 2953 558 3024 sociis
577 2953 648 3024 suis.
672 2951 735 3023 Sed
753 2977 824 3022 non
840 2952 981 3024 multum
997 2951 1044 3024 ibi
1057 2978 1223 3026 morantes
1240 2953 1282 3026 ab

249 3063 510 3160 impugnacione
535 3061 627 3132 castri
643 3056 849 3151 recesserunt,
877 3057 1049 3132 averfionis
1075 3061 1129 3133 sue
1152 3063 1283 3134 causam

248 3164 451 3267 ignorantes,
467 3166 523 3240 sed
535 3164 750 3259 credendum,
766 3169 875 3239 Deum
887 3164 944 3238 srbi
956 3168 1016 3239 soli
1031 3167 1172 3266 gloriam
1185 3169 1281 3240 reser-

248 3272 336 3348 valle
341 3309 351 3367 3
365 3301 444 3346 nam
454 3273 513 3371 ipsi
524 3275 638 3372 postea
650 3275 816 3346 Sarraceni
828 3274 966 3345 castrum
978 3273 1163 3371 predictum
1176 3276 1281 3346 samo·

247 3379 399 3453 srssimum
412 3384 553 3479 propriis
566 3377 716 3454 manibus
734 3381 946 3453 devastarunt.
963 3387 996 3452 ln
1007 3384 1107 3454 tercio
1122 3384 1279 3478 equitatu,

249 3514 328 3560 cum
351 3489 534 3585 patriarcha
553 3492 588 3560 &
605 3489 685 3562 sacri
702 3488 847 3584 episcopi
865 3513 935 3559 non
952 3489 1174 3580 interfuerunt,
1193 3516 1280 3560 exer·

249 3596 330 3667 citus
338 3598 478 3668 Domini
489 3595 569 3667 fines
582 3595 682 3687 Thyri
693 3597 728 3665 δι
737 3594 978 3688 Sydonisiuxta
986 3597 1155 3692 Sareptem
1168 3595 1278 3669 adivit.

250 3709 285 3774 ln
300 3703 411 3801 vigilia
427 3704 543 3774 natalis
560 3701 727 3799 [Domini]
739 3705 800 3773 4&
816 3702 965 3798 sequenti
987 3708 1084 3775 nocie
1101 3704 1280 3774 maximam
1294 3727 1350 3772 uec.
1360 3738 1398 3784 24.

249 3811 475 3907 tempestatem
499 3806 605 3906 passus
630 3809 675 3882 est
699 3812 735 3881 ἀ
756 3811 908 3881 omnium
937 3809 1003 3880 sere
1028 3807 1278 3883 necessariorum

287 4094 335 4145 rV.
343 4091 546 4162 prudentiam-
557 4113 572 4146 2
584 4092 733 4166 Vdenique.
830 4111 848 4158 4
860 4095 893 4146 D.
903 4092 929 4144 in
941 4093 1023 4158 codd,
1026 4090 1168 4161 supplemus
1180 4109 1213 4145 ex
1227 4093 1278 4148 An-

251 4203 283 4216 -
300 4191 312 4242 3
327 4173 354 4226 B.
364 4189 430 4228 veta.
795 4170 894 4228 talibus
909 4170 958 4228 601.
972 4189 1041 4230 max.
