3466 5110
427 415 735 471 cnumoanonun
761 415 1046 471 nnauanonun.
1207 419 1255 498 47

226 670 311 732 cam,
342 639 438 715 nobis
465 642 541 712 ralia
572 666 642 713 non
671 637 914 736 suspicantibus,
943 665 1020 710 curn
1047 639 1255 714 multitudine
1268 633 1372 742 pff,

224 752 316 848 gravi
332 750 467 846 propius
492 747 686 820 accederent
703 751 787 819 &in
804 749 874 844 ipso
897 750 929 819 se
947 746 1066 821 fossato
1084 751 1255 845 precipita-

225 880 305 948 rent,
340 855 395 927 sed
416 853 536 926 auxilio
560 854 673 926 divino
700 879 775 926 cum
795 857 887 951 gravi
914 854 1039 926 damno
1057 859 1205 950 equitum
1220 859 1255 927 &

225 989 387 1060 equorum
404 962 536 1031 suorum
552 959 666 1056 repulsi
682 961 763 1032 sunt.

271 1076 371 1142 Anno
401 1070 510 1166 gracie
540 1064 709 1138 millefimo
741 1066 963 1139 ducentesrmo
993 1094 1087 1140 nono
1121 1067 1252 1139 decimo

25 1185 80 1248 Bar·
93 1202 148 1248 233,
160 1204 210 1237 ea.
224 1181 336 1276 regina
362 1176 532 1248 civitatum
560 1173 768 1244 lherosolima
789 1172 947 1246 destrudla
964 1177 1008 1246 est
1033 1202 1053 1246 a
1070 1174 1254 1265 Coradin0,

222 1281 399 1380 Saphadini
416 1281 499 1368 filio,
528 1281 604 1350 foris
626 1284 661 1352 ἃ
679 1283 784 1372 intus,
812 1285 895 1352 muri
920 1285 988 1355 eius
1013 1309 1091 1355 cum
1118 1280 1254 1354 turribus

221 1417 329 1488 preter
354 1390 532 1486 Templum
563 1389 761 1459 Domini&
786 1391 900 1458 turrim
927 1389 1038 1462 David
1063 1392 1097 1460 in
1121 1415 1254 1462 acervos

219 1497 368 1595 lapidum
386 1497 458 1567 sunt
476 1494 608 1585 redadli,
634 1494 676 1565 de
697 1494 845 1590 sepulcro
865 1496 1003 1567 Domini
1022 1496 1169 1594 glorioso
1186 1496 1254 1568 des·

221 1604 370 1676 tituendo
402 1601 572 1675 confilium
591 1599 774 1673 habuerunt
795 1603 960 1672 Sarraceni
985 1606 1020 1674 &
1050 1627 1108 1698 per
1133 1602 1254 1675 litteras

221 1712 414 1782 comminati
431 1711 512 1797 sunt,
537 1734 617 1804 quas
635 1707 759 1779 ciuibus
776 1710 929 1780 Damiate
947 1708 989 1780 ad
1005 1711 1153 1806 ipsorum
1170 1711 1252 1782 sola-

221 1820 309 1889 cium
335 1817 583 1890 transmiserunt.
621 1814 684 1887 Sed
714 1815 790 1886 huic
821 1817 992 1888 temeritati
1023 1842 1160 1914 propter
1187 1817 1255 1888 loci

220 1926 440 1998 reverenciam
461 1949 561 1994 nemo
593 1920 783 2019 presumpsrt
811 1949 926 1995 manus
957 1947 1140 2018 opponere,
1173 1922 1253 1996 srcut

220 2033 359 2103 enimin
381 2031 548 2118 alcoran0,
577 2028 659 2100 libro
684 2029 797 2126 legum
824 2055 950 2121 eorum,
972 2030 1141 2126 scriptum,
1166 2031 1254 2102 hunc

222 2141 322 2210 lesum
339 2136 515 2224 Christum,
541 2136 727 2207 Dominum
744 2137 901 2227 nostrum,
928 2134 1064 2206 credunt
1091 2135 1134 2207 de
1150 2138 1254 2208 Maria

220 2247 345 2344 virgine
361 2269 562 2339 conceptum
578 2244 612 2312 ἃ
630 2267 755 2332 natum,
781 2268 882 2337 quem
903 2239 968 2313 srne
985 2267 1124 2338 peccato
1141 2242 1252 2317 vixisse

220 2353 418 2450 propheram
435 2353 469 2420 ὅ(
487 2350 558 2446 plus
584 2375 684 2445 quam
710 2349 908 2445 prophetam
925 2348 1129 2445 profitentur,
1153 2375 1251 2421 cecos

219 2455 422 2549 illuminasse,
446 2456 592 2552 leprosos
619 2453 801 2545 mundasse,
828 2479 977 2526 mortuos
1000 2452 1171 2545 suscitasse,
1196 2455 1250 2527 fir·

219 2568 314 2638 miter
338 2563 490 2655 asserunt,
515 2563 620 2636 virum
649 2561 691 2633 ad
709 2561 797 2632 celos
815 2559 1003 2652 ascendisse,
1030 2564 1246 2660 cognoscunt.

16 2683 172 2746 νοΐ-νῆα
183 2701 204 2735 1·
219 2673 315 2747 Unde
346 2670 481 2767 quando
513 2692 663 2766 tempore
694 2693 885 2766 treugarum
916 2669 1076 2764 sapientes
1104 2671 1251 2766 ipsorum

219 2779 461 2852 lherosolimam
491 2774 721 2865 ascendebant,
758 2775 889 2846 codices
919 2775 1167 2872 euangeliorum
1194 2776 1251 2850 srbi

218 2885 360 2959 exhiberi
389 2880 597 2980 postulabant
627 2886 663 2954 ἀ
692 2880 921 2955 osculabantur
951 2885 985 2952 ὅ(
1013 2880 1250 2956 venerabantur

217 3018 352 3090 propter
365 2989 569 3062 mundiciam
579 2989 671 3087 legis,
687 3015 789 3084 quam
797 2987 942 3060 Christus
953 2985 1054 3078 dedit,
1068 2992 1250 3087 &propter

216 3101 393 3172 lectionem
410 3098 551 3168 maxime
570 3095 731 3194 euangelii
749 3096 854 3166 Luce:
873 3127 890 3158 κ
914 3097 1038 3188 eMiffus
1064 3103 1104 3188 est
1122 3102 1249 3170 Gabriel

216 3209 379 3302 angelus»
402 3203 507 3302 (Luc,
527 3222 551 3291 1,
578 3199 651 3294 26),
672 3228 772 3297 quarn
796 3202 928 3274 litterati
951 3204 1035 3275 inter
1059 3229 1116 3274 eos
1141 3205 1248 3301 sepius

216 3314 427 3410 repetunt&
453 3313 635 3381 retractant.
662 3310 724 3379 lex
747 3332 857 3379 autem
874 3335 1001 3401 eorum,
1028 3335 1140 3404 quam,
1168 3311 1248 3382 Dia-

218 3421 297 3493 bolo
317 3435 326 3466 ¹
347 3417 501 3507 distante,
530 3416 706 3486 ministerio
724 3417 825 3514 Sergij
851 3417 1018 3504 monachi,
1046 3417 1193 3513 apostate
1214 3421 1250 3490 &

217 3526 362 3615 heretici,
378 3522 607 3594 Machometus
625 3523 804 3592 Sarracenis
822 3519 923 3614 dedit,
941 3521 1069 3594 arabice
1080 3523 1248 3618 scriptam:

216 3663 234 3703 a
263 3635 371 3727 gladio
398 3636 487 3724 cepit,
508 3656 567 3724 per
593 3631 733 3722 gladium
757 3655 872 3700 tenerur
897 3631 928 3700 dr
955 3637 986 3700 in
1011 3633 1119 3725 gladio
1145 3636 1249 3700 termi-

13 3751 76 3813 ³·‚r·
90 3767 201 3814 nac-1·
214 3743 345 3810 nubitur.
377 3734 604 3808 Machometus
631 3735 687 3806 iste
705 3734 870 3806 illiteratus
893 3735 963 3824 fuit,
986 3735 1064 3807 ficut
1083 3735 1150 3832 ipse
1171 3759 1248 3830 pro·

215 3846 347 3918 testatur
365 3846 398 3916 in
415 3845 573 3914 alcorano
594 3843 653 3912 suo
671 3845 716 3933 ἃ,
739 3868 802 3938 que
824 3844 1070 3938 prenominatus
1091 3842 1250 3914 hereticus

216 3953 365 4043 dietavit,
389 3951 457 4048 ipse
474 3948 748 4047 promulgavit&
767 3975 826 4046 per
844 3950 1126 4023 comminacionet
1141 3948 1250 4024 statuit

253 4212 262 4244 1
277 4191 455 4259 Restiruendum
467 4188 613 4256 censimum
625 4199 693 4242 textu
705 4186 821 4254 Oliverij
827 4199 875 4257 pro
885 4186 982 4240 lenione
993 4186 1106 4242 Codicum
1118 4185 1245 4256 discipulo.
