3462 5114
508 331 574 426 158
631 378 643 401 .
750 346 861 400 LIBER
881 345 1033 400 nontin
1051 345 1277 400 curtisumru

430 601 489 650 1219
502 567 679 638 tumultum
711 567 745 634 in
768 567 896 637 civitate
926 562 1129 653 facientibus,
1163 567 1253 636 venit
1275 562 1428 634 soldanus
1457 588 1533 635 ante

492 674 646 745 nostrum
659 669 822 762 follatum,
835 673 949 744 nostris
963 671 1174 744 nihilominus
1187 672 1221 740 in
1234 672 1331 742 armis
1345 671 1532 767 preparatis.

498 779 653 852 Exeuntes
667 804 777 850 autem
794 778 836 850 de
849 780 978 849 civitate
996 780 1115 876 Pagani
1133 803 1209 848 cum
1224 777 1300 848 forti
1314 802 1427 865 manu,
1442 774 1532 852 defe-

499 912 604 958 rentes
617 885 706 983 ligna
717 887 883 982 &ignem
897 908 1021 956 cattum
1034 885 1180 956 nostrum
1189 885 1328 958 ferreum
1341 908 1530 956 concrema-

498 1018 622 1066 verunt.
647 994 760 1088 Quem
779 1017 855 1062 cum
871 991 1044 1062 Christiani
1061 989 1285 1076 defenderent,
1306 989 1400 1062 multi
1417 1015 1532 1062 eorum

497 1096 684 1172 vulneribus
707 1101 741 1168 &
763 1121 870 1168 morte
887 1099 960 1168 sunt
977 1100 1148 1193 perempti.
1177 1099 1310 1193 Septem
1330 1122 1410 1193 ergo
1427 1120 1531 1170 cattos

498 1208 625 1280 nostros
643 1201 900 1295 combufferunt,
920 1203 1007 1275 unde
1020 1207 1186 1277 Sarraceni
1202 1203 1298 1276 valde
1311 1205 1385 1276 sunt
1401 1201 1531 1276 exaltati

380 1317 532 1388 Auem&
549 1313 723 1384 Christiani
744 1312 930 1382 contristati.
957 1312 1069 1382 Tertio
1093 1311 1166 1382 idus
1191 1307 1329 1408 Augusti
1355 1335 1467 1380 comes
1489 1305 1530 1378 de

497 1419 641 1490 Marchia
664 1416 727 1487 fine
745 1417 877 1488 vulnere
897 1414 995 1508 obiit,
1022 1417 1115 1515 super
1140 1443 1208 1512 quo
1234 1417 1408 1488 Christiani
1434 1413 1530 1490 valde

453 1565 455 1578 0
497 1525 682 1596 doluerunt.
714 1525 774 1596 His
799 1522 913 1596 diebus
940 1550 1051 1595 comes
1077 1522 1118 1595 de
1145 1524 1259 1596 Nivers
1288 1523 1464 1594 infamatus
1488 1520 1530 1596 de

496 1634 637 1704 exercitu
655 1630 786 1702 receffit.

372 1751 432 1808 Aue·
447 1762 483 1810 15·
544 1739 716 1812 XXXVlll.
745 1743 778 1808 ln
792 1742 890 1810 nolle
903 1735 1143 1833 Assumptionis
1155 1740 1271 1810 Sande
1288 1737 1388 1806 Maris
1407 1736 1530 1831 septem

494 1847 625 1943 Pagani,
642 1868 793 1915 exeuntes
821 1841 862 1913 de
882 1845 1022 1933 civitate,
1052 1845 1085 1916 in
1111 1842 1212 1916 fluvio
1238 1845 1326 1940 capti
1349 1843 1530 1914 fuerunt&

495 1975 594 2021 mane
620 1950 662 2021 ad
687 1949 829 2024 dedecus
856 1951 1064 2047 Paganorum
1093 1976 1185 2022 aures
1206 1952 1241 2020 ἃ
1264 1950 1417 2022 nares&
1443 1943 1530 2018 labia

495 2059 635 2128 truncati
651 2059 684 2126 in
702 2059 840 2130 crastino
858 2058 930 2127 sunt
947 2056 1027 2126 miffi
1044 2058 1079 2127 in
1093 2059 1267 2130 civitatem.
1286 2057 1365 2151 Qua
1378 2054 1420 2126 de
1434 2055 1529 2128 causa

494 2165 594 2234 etiam
610 2166 776 2236 Sarraceni
794 2190 897 2237 unum
914 2161 956 2234 de
976 2163 1089 2234 nostris
1108 2160 1199 2234 simili
1216 2162 1321 2233 modo
1341 2185 1529 2234 truncatum

493 2268 588 2342 nobis
606 2272 803 2342 remiserunt.
831 2275 864 2340 ln
887 2269 946 2340 illis
969 2268 1082 2341 diebus
1101 2296 1213 2342 comes
1239 2269 1280 2341 de
1303 2271 1362 2340 Bar
1387 2272 1421 2339 ἃ
1446 2267 1528 2341 filius

495 2379 561 2448 eius
579 2376 741 2450 obierunt.

632 2599 683 2662 ‘De
700 2593 828 2662 dolendo
845 2599 937 2685 gravi
954 2595 980 2662 C
982 2571 1190 2682 hristianorum
1209 2596 1385 2683 infortunio.

368 2831 428 2888 Aug.
441 2843 478 2889 24.
540 2805 686 2876 XXXIX.
714 2810 747 2875 ln
770 2805 850 2875 festo
868 2807 975 2877 sautu·
993 2805 1192 2876 Bartolomei
1217 2807 1335 2875 iterum
1353 2805 1524 2879 Christiani

489 2934 698 2983 armaverunt
711 2911 861 3000 cocchas,
881 2909 936 2982 sed
955 2936 1012 3006 pre
1028 2913 1153 3007 impetu
1167 2909 1309 2983 fluminis
1323 2937 1393 2982 non
1408 2937 1524 3009 potue-

490 3043 565 3088 runt
582 3019 850 3114 appropinquare
873 3015 916 3088 ad
933 3019 1051 3088 menia.
1077 3018 1174 3086 Tunc
1199 3017 1274 3088 elati
1293 3017 1418 3113 pedites
1436 3017 1523 3090 dice-

490 3121 580 3214 bant,
609 3122 697 3194 nolle
724 3122 767 3192 ad
796 3120 919 3192 bellum
945 3124 1030 3192 exite
1059 3123 1186 3194 milites.
1218 3125 1403 3195 Diviserunt
1426 3127 1524 3222 igitur

489 3255 635 3328 gentem,
662 3255 697 3300 ut
719 3255 784 3299 una
801 3255 874 3325 pars
891 3229 1069 3301 custodiret
1083 3233 1234 3321 tentoria,
1251 3235 1286 3302 &
1307 3231 1370 3302 alia
1387 3232 1523 3303 servaret

489 3335 613 3408 flumen
631 3340 665 3407 &
684 3334 809 3426 urbem,
827 3339 862 3405 ἃ
881 3336 945 3406 alia
963 3363 1124 3434 pugnaret
1141 3339 1174 3407 in
1192 3336 1313 3409 sabulo.

367 3473 427 3528 nug.
439 3482 477 3529 29.
538 3444 600 3514 XL.
623 3449 657 3513 ln
675 3444 904 3514 Decollatione
921 3446 1030 3515 Sandi
1045 3445 1197 3518 Iohannis
1215 3444 1352 3541 Baptiste
1371 3444 1522 3518 Christia-

489 3575 610 3620 norum
638 3549 805 3620 calamitas
832 3553 866 3620 &
892 3550 1017 3621 miseria
1046 3551 1198 3647 quedam,
1227 3553 1317 3621 tristis
1344 3551 1436 3642 dico,
1463 3554 1523 3623 fuit

489 3683 620 3756 magna.
646 3657 811 3728 Dominus
826 3659 916 3728 enim
932 3657 1059 3754 legatus
1076 3662 1111 3730 ὅ(
1129 3685 1183 3729 rex
1201 3660 1346 3730 eruerunt
1362 3686 1422 3755 per
1442 3685 1521 3758 gen·

488 3788 534 3834 tes
557 3765 599 3835 ad
623 3765 769 3862 hospicia
786 3768 1002 3862 Paganotum,
1027 3768 1085 3861 qui
1107 3792 1127 3834 a
1145 3766 1258 3836 nostris
1287 3768 1520 3838 castrametati

487 3873 614 3943 fuerant
632 3874 698 3942 fere
716 3871 846 3942 duobus
867 3870 1054 3962 miliaribus,
1077 3873 1228 3966 famaque
1245 3869 1291 3942 ibi
1307 3898 1412 3963 mora,
1430 3871 1519 3969 pedi-

488 4003 559 4049 tum
576 3979 688 4076 fugata
712 3979 756 4049 est
773 4003 914 4069 caterva,
936 3979 1094 4074 nulloque
1112 4004 1265 4076 cogente,
1292 3977 1348 4051 sed
1372 3980 1518 4078 maligno

488 4113 545 4162 eos
574 4087 684 4187 l'piritu
722 4087 915 4186 exagitante.
948 4085 1056 4159 Tanta
1086 4110 1153 4162 etat
1186 4071 1381 4189 fugientium
1407 4085 1518 4182 rabies,
