3462 5110
487 381 498 434 l
512 377 552 435 12
935 377 1063 435 GESTA

409 632 468 681 ηις
479 603 579 676 scalas
592 603 782 700 posuerunt,
800 600 891 674 dedit
908 604 1007 676 talem
1025 605 1196 677 vicioriam
1213 603 1413 696 Christianis,
1431 630 1513 700 qua-

479 713 546 783 lem
563 735 733 805 nunquam
749 707 942 782 habuerunt.
966 713 1057 808 Quia
1074 711 1152 782 ficut
1169 709 1354 808 predistum
1372 712 1426 802 est,
1443 736 1514 782 non

481 819 541 890 suit
560 814 690 888 bonitas
707 841 834 907 eorum,
853 815 909 888 sed
932 820 996 888 Dei
1014 816 1244 910 misericordia,
1263 845 1327 914 que
1344 816 1410 889 fine
1428 817 1513 887 ferro

478 929 513 998 δε
538 926 626 995 sama
655 923 815 993 interfecit
841 925 992 994 inimicos
1027 925 1135 996 sancit
1161 926 1286 996 Crucis.
1317 922 1400 995 Misit
1426 924 1515 993 enim

479 1031 643 1128 quosdam
655 1031 918 1129 prudentiffimos
935 1034 1022 1103 viros
1034 1033 1202 1128 Romanos
1216 1035 1250 1103 ἃ
1263 1033 1392 1102 latinos
1406 1027 1515 1100 media

480 1144 578 1211 noete
601 1141 643 1212 ad
666 1167 796 1211 murum
819 1141 967 1230 civitatis,
992 1142 1036 1229 ἃ,
1063 1137 1215 1235 appofito
1239 1164 1342 1234 ponte
1363 1142 1399 1208 ἃ
1419 1137 1514 1227 scala,

479 1247 564 1320 bene
588 1251 703 1321 armati
728 1245 942 1318 ascenderunt
963 1273 1094 1317 murum
1119 1271 1196 1317 cum
1217 1271 1342 1343 magno
1360 1269 1514 1335 tremore,

481 1513 571 1566 Chrilli
585 1513 711 1566 Crucifixi.
725 1514 844 1573 Quicum
857 1532 956 1566 mutum
969 1514 1077 1567 civitatis
1087 1513 1258 1582 ascendissent,
1273 1515 1297 1566 in
1309 1533 1359 1568 una
1370 1515 1442 1586 ipsius
1455 1515 1514 1570 civi·

480 1595 538 1654 tatis
558 1607 625 1647 tutte
642 1593 770 1646 fortissima
788 1594 905 1645 vexillum
924 1594 1007 1646 lancie
1023 1595 1048 1646 te
1069 1612 1126 1646 vere
1145 1594 1233 1649 Crucis
1254 1595 1387 1664 posuerunt
1410 1599 1444 1661 tr,
1462 1596 1514 1649 aliis

480 1674 588 1726 turribus
598 1675 687 1744 captis,
699 1674 725 1726 in
737 1691 889 1744 unaquaque
898 1674 995 1743 signum
1008 1675 1088 1727 crucis
1099 1675 1267 1743 posuerunt&
1280 1674 1400 1728 fecerunt.
1416 1677 1515 1747 Pagani

479 1767 574 1822 autem,
587 1756 629 1825 qui
642 1756 667 1808 in
680 1755 732 1824 ipsa
746 1755 847 1808 civitate
860 1757 976 1821 aderant,
997 1756 1036 1824 alij
1053 1756 1145 1808 mortui
1158 1757 1183 1808 &
1197 1757 1308 1809 semivivi
1321 1775 1365 1825 per
1378 1757 1472 1826 plateas
1490 1761 1515 1812 sc

480 1838 571 1888 domos
586 1837 609 1888 δι
629 1835 680 1886 vias
694 1836 818 1899 iacebant,
832 1837 855 1888 δι
874 1836 914 1904 alij
930 1838 1021 1888 morbo
1035 1838 1058 1888 ss
1074 1836 1245 1906 pestilentia&
1260 1835 1404 1890 infirmitate
1422 1856 1515 1908 magna
1529 1843 1555 1889 P.
1566 1840 1582 1887 f.
1595 1853 1630 1898 115
1641 1837 1658 1881 Β.

480 1915 679 1979 infirmabantur,
696 1915 731 1967 ita
744 1915 813 1984 quod
835 1916 995 1968 nullomodo
1010 1917 1138 1968 civitatem
1157 1915 1294 1969 defendere
1307 1919 1454 1985 nequibant.
1477 1920 1516 1973 Sic

480 1997 546 2048 enim
560 1996 652 2066 placuit
667 1997 789 2060 Domino,
807 1997 832 2048 &
847 1996 878 2048 stc
891 1997 926 2048 ita
944 1997 996 2048 eius
1009 1997 1059 2048 fuit
1073 1996 1196 2049 voluntas.
1219 1998 1278 2050 Non
1294 1997 1360 2049 enim
1374 1998 1423 2050 hoc
1436 1996 1517 2067 posset

481 2076 587 2130 evenili'e
605 2075 782 2147 quantitate&
802 2076 892 2128 virtute
911 2077 1020 2128 vitorum
1043 2077 1188 2128 bellicorum
1204 2077 1239 2128 set
1258 2078 1371 2145 potentia
1384 2080 1409 2130 δι
1426 2078 1518 2132 virtute

481 2157 585 2211 Domini
599 2157 673 2209 nostri
689 2157 761 2209 Ihesu
781 2155 881 2221 Christi,
904 2157 971 2226 apud
983 2175 1059 2225 quem
1082 2157 1114 2207 nil
1127 2157 1161 2208 esi
1174 2155 1329 2226 impollibile.
1353 2157 1517 2211 Considamus

481 2256 542 2308 ergo
556 2238 581 2289 in
597 2237 709 2290 Domino
721 2240 780 2289 Deo
793 2253 853 2289 vero
871 2239 896 2289 te
910 2254 959 2289 non
972 2237 996 2287 in
1009 2236 1143 2289 virtutibus
1159 2237 1298 2303 hominum,
1319 2238 1379 2289 ficut
1400 2238 1517 2309 scripturn

481 2319 524 2384 eli,
536 2321 621 2371 bonum
636 2319 664 2369 &s
674 2317 757 2369 melius
772 2318 805 2386 est
815 2319 936 2385 confidere
947 2317 973 2368 in
984 2316 1094 2381 Domino,
1107 2335 1180 2386 quam
1191 2318 1312 2386 confidere
1324 2318 1349 2368 in
1365 2318 1518 2387 principibus

482 2398 582 2466 [Psalm.
596 2413 676 2463 cxcv,
691 2401 724 2462 2].
739 2398 827 2449 Statim
839 2399 913 2467 pauci
922 2399 1018 2466 Pagani
1028 2398 1060 2448 ad
1075 2397 1301 2450 baltrescaseorum
1316 2399 1426 2452 &castra
1438 2400 1519 2470 ligno-

483 2498 537 2532 rum
550 2490 689 2539 currerunt,
701 2479 786 2546 ignem
800 2477 872 2530 ineis
887 2478 1012 2542 miserunt,
1036 2491 1063 2530 ut
1076 2496 1090 2529 a
1104 2478 1244 2530 soldano&
1259 2477 1310 2530 eius
1324 2479 1433 2531 exercitu
1449 2481 1518 2533 vide·

482 2572 556 2612 retur.
573 2561 632 2618 Quo
645 2559 703 2627 igne
715 2558 768 2609 viso
781 2576 796 2609 a
813 2557 966 2624 Christianis,
978 2559 1021 2627 qui
1033 2559 1167 2627 temptoria
1180 2558 1363 2622 custodiebant,
1378 2559 1450 2610 valde
1463 2559 1518 2611 sunt

482 2640 576 2693 turbati
586 2642 609 2692 δι
620 2637 759 2708 perterriti:
773 2640 927 2708 ignorabant
939 2640 1005 2690 eninr
1017 2639 1049 2690 de
1061 2638 1116 2704 illis,
1129 2638 1171 2708 qui
1183 2639 1208 2690 in
1218 2637 1345 2691 civitatem
1357 2640 1518 2691 intraverant.

482 2721 558 2776 Unde
571 2720 622 2772 alta
634 2736 697 2770 voce
709 2718 864 2770 lacrimando
877 2730 997 2789 ceperunt
1020 2736 1109 2786 rogare
1123 2721 1231 2772 Beatum
1245 2719 1405 2770 Leonardum
1423 2718 1518 2771 conses-

483 2801 572 2864 sorem,
587 2814 616 2852 ut
630 2818 676 2870 pto
689 2801 723 2853 eis
737 2801 768 2853 ad
780 2799 920 2852 Dominum
934 2800 1042 2852 nostrum
1055 2799 1155 2851 ihesum
1169 2799 1294 2852 Christum
1309 2799 1461 2852 intercedere
1475 2801 1520 2852 de·

483 2884 562 2950 beret,
577 2881 668 2933 armati
685 2883 708 2934 &
728 2880 839 2933 ascletati
853 2881 930 2934 castra
945 2879 1126 2932 custodiebant.
1145 2881 1261 2948 Cumque
1275 2879 1446 2947 crepusculum
1460 2897 1518 2932 noc·

485 2961 517 3013 tis
532 2964 670 3016 recedentis
683 2966 707 3016 δι
720 2965 769 3015 diei
783 2963 937 3015 advenientis
949 2961 1024 3014 finem
1038 2962 1118 3022 daret,
1133 2961 1158 3012 &
1172 2960 1225 3012 dies
1239 2959 1382 3012 clarissimus
1396 2962 1519 3030 apparuit,

482 3042 523 3094 die
538 3043 643 3109 Martis,
656 3045 680 3096 in
695 3062 747 3113 quo
763 3043 876 3097 Christus
891 3060 957 3112 aqua
970 3042 1017 3093 suit
1030 3041 1136 3105 lavatus,
1149 3041 1174 3091 in
1189 3058 1240 3109 quo
1255 3057 1331 3092 omne
1346 3042 1441 3094 bonum
1460 3059 1520 3095 con·

486 3124 552 3189 tulit,
563 3124 697 3177 Christiani
706 3125 821 3176 viderunt
829 3125 959 3193 quoddam
969 3122 1085 3174 vexillum
1094 3122 1228 3174 balzanum
1238 3124 1262 3175 &
1274 3123 1322 3174 alia
1335 3122 1423 3177 vexilla
1439 3123 1519 3176 sancte

484 3204 574 3257 Crucis
602 3205 626 3255 in
639 3205 748 3256 turribus
769 3203 885 3256 civitatis.
910 3205 961 3262 Qui
981 3202 1163 3271 prosternentes
1181 3203 1206 3254 se
1223 3203 1255 3253 ad
1274 3214 1366 3255 tertam
1384 3204 1518 3258 dicebant:

483 3287 514 3351 0,
524 3285 646 3337 Damiata
656 3295 729 3353 capta
738 3285 771 3350 est
780 3283 879 3336 virtute
890 3283 990 3336 Domini
1001 3282 1074 3350 noflri
1083 3283 1154 3349 Ilrtssu
1168 3281 1258 3347 Christi
1270 3282 1401 3350 Crutifixi,
1413 3301 1458 3350 que
1465 3282 1520 3336 olim

481 3375 539 3416 erat
552 3365 656 3416 camena
669 3365 829 3433 captivorum
849 3365 877 3414 isi
890 3379 979 3414 carcer
985 3361 1145 3428 sclavorum,
1157 3366 1224 3414 modo
1233 3361 1324 3429 gratio
1337 3361 1436 3414 Domini
1449 3361 1520 3430 ntsjiri

483 3443 606 3511 Ciuct'ssui
622 3444 671 3496 erit
688 3447 771 3496 domus
790 3443 993 3512 Christianorum.
1010 3441 1184 3494 Affirmabant
1198 3440 1272 3494 etiam
1287 3441 1331 3493 viri
1344 3439 1450 3510 antiqui,
1462 3459 1518 3511 ptu-

482 3523 570 3574 dentes
579 3525 604 3576 &
613 3523 728 3592 religios,
741 3522 857 3575 vexillum
872 3524 1013 3585 balzanum,
1026 3521 1095 3589 quod
1109 3521 1238 3584 videbant,
1251 3520 1300 3574 else
1316 3521 1431 3574 vexillum
1448 3520 1518 3574 Beati
1532 3514 1556 3563 Ρ·
1570 3512 1586 3559 f·
1600 3507 1673 3572 ¹15⁰·

483 3603 609 3656 Leonardi
619 3605 643 3655 δι
653 3603 713 3655 illud
723 3602 748 3654 in
759 3601 870 3665 ecclesia,
886 3602 910 3654 in
925 3620 974 3671 qua
982 3619 1074 3669 corpus
1083 3601 1135 3653 eius
1144 3600 1169 3652 in
1180 3602 1318 3669 presentem
1332 3600 1400 3652 diem
1413 3601 1519 3669 requies·

483 3682 526 3747 cit,
538 3682 633 3749 vidili'e,
646 3685 671 3735 ἃ
689 3699 776 3736 omnes
792 3700 835 3751 pse
853 3683 931 3734 nimio
944 3682 1039 3751 gaudio
1052 3683 1076 3734 δι
1091 3681 1187 3750 ingenti
1206 3680 1284 3734 letitia
1301 3681 1424 3733 commoti
1438 3681 1519 3750 plora·

452 3807 454 3810 .
485 3765 546 3815 bant
560 3765 583 3815 δι
598 3762 685 3815 oculos
698 3765 723 3815 δι
735 3781 824 3815 manus
845 3763 877 3814 ad
890 3763 972 3814 celum
987 3762 1096 3814 levantes
1109 3761 1196 3814 humili
1210 3778 1272 3813 voce
1284 3761 1416 3814 dicebaute
1435 3763 1519 3815 ooo-

483 3842 546 3894 miue
558 3842 629 3909 Iisssu
642 3842 742 3910 Christe,
761 3859 809 3894 rex
820 3841 909 3910 glorie,
917 3841 961 3908 fili
977 3841 1090 3910 virginis
1107 3841 1194 3894 Maris
1208 3844 1235 3892 iti
1246 3840 1350 3894 omnium
1362 3857 1448 3892 rerum
1460 3837 1519 3906 vifi-

483 3921 569 3974 sitium
577 3921 732 3990 fabricator,
755 3919 796 3973 cui
807 3921 891 3988 angeli
904 3920 1005 3973 &troni
1018 3921 1228 3974 &dominationes
1236 3919 1380 3986 subiiciunt,
1389 3919 1519 3972 laudamus

485 4001 681 4055 &benedicimus
697 4000 739 4064 Te,
748 4001 852 4069 gratias
869 4001 966 4068 agimus
987 4001 1044 4053 sisi
1053 3999 1063 4051 l
1073 4001 1213 4054 Benedisitss
1226 4001 1260 4068 sit
1276 4002 1343 4052 Deus
1354 4009 1457 4068 patrum
1469 3995 1519 4063 nost

483 4094 577 4136 trorum
590 4079 763 4134 &laudabilis
780 4080 932 4148 &gloriosus
946 4079 1084 4148 inseculal
1097 4080 1273 4134 Benedicamus
1283 4080 1356 4147 patei
1370 4079 1456 4147 &filio
1467 4093 1519 4130 cum

483 4165 570 4217 unos
582 4161 683 4232 Spiritu,
696 4161 824 4212 laudemus
838 4160 1081 4230 &superexaltemus
1090 4177 1144 4212 eum
1155 4161 1182 4212 ist
1188 4159 1289 4227 secula!
1302 4162 1386 4212 Amen.
1402 4158 1517 4232 Explicit.
