3462 5110
445 346 494 443 64
728 362 779 414 me
804 359 962 414 muana
987 359 1190 413 sanonum.

374 616 431 662 1217
446 584 540 659 beate
564 585 709 682 Virginis
735 584 767 655 se
792 579 906 656 vidisse
930 582 1127 666 testabantur
1152 585 1185 654 in
1210 608 1294 673 aere,
1319 607 1477 680 tanquam

446 695 501 766 sue
520 691 665 766 vindide
688 691 954 790 congratulantis.
981 690 1052 765 Erat
1075 715 1185 762 autem
1203 690 1264 762 hec
1282 692 1393 765 civitas
1411 693 1477 763 for·

447 799 572 892 tissima,
604 799 694 869 cuius
712 796 775 869 due
801 822 910 896 partes
927 823 1014 894 aqua
1033 797 1257 897 cingebantur,
1287 822 1357 870 tota
1381 824 1477 870 muro

447 910 561 979 turrito
579 905 710 997 vallata,
735 903 833 1002 spisso
856 906 889 975 in
918 928 1056 996 tantum,
1082 928 1118 976 ut
1134 907 1169 975 in
1187 907 1254 976 eius
1271 908 1391 979 vertice
1408 904 1476 976 duo

447 1011 578 1109 possent
594 1010 652 1084 srbi
668 1014 792 1109 equites
819 1038 997 1084 occurrere.
1029 1013 1102 1084 Hec
1129 1013 1263 1085 ¹vastatio
1289 1037 1425 1084 omnem
1443 1015 1477 1082 in

447 1143 577 1191 tantum
594 1122 705 1192 terruit
715 1120 870 1207 vicinam,
888 1144 923 1190 ut
937 1119 1043 1191 nullus
1054 1119 1089 1190 in
1104 1119 1166 1190 suis
1179 1117 1322 1215 presidiis
1339 1121 1478 1216 speraret

446 1225 591 1304 salutem.
621 1236 623 1240 ’

339 1351 399 1410 nug.
412 1362 432 1394 1·
495 1334 569 1404 Hiis
582 1335 693 1430 itaque
708 1335 856 1430 peradis,
873 1334 906 1403 in
924 1331 978 1404 die
989 1334 1091 1404 sansli
1107 1333 1188 1404 Petri
1204 1333 1390 1407 advincula
1402 1359 1479 1430 pro·

449 1438 615 1529 cedentes,
637 1441 782 1515 civitates
799 1444 834 1511 &
851 1438 977 1536 oppida
990 1465 1147 1514 terrarum
1164 1440 1284 1512 scilicet
1295 1440 1478 1533 Odiatiam,

447 1548 633 1641 Harmund,
650 1549 819 1638 Kazalam,
847 1549 950 1619 Saltus
981 1551 1174 1644 quoque&
1200 1555 1344 1622 brenam
1369 1550 1479 1620 sandle

446 1654 563 1726 Eulalie
576 1680 653 1742 cum
666 1655 792 1752 Hispali
804 1681 927 1752 magna
937 1657 1132 1728 transeuntes
1146 1654 1189 1726 ad
1200 1657 1319 1748 levam,
1332 1657 1480 1751 sequenti

339 1771 398 1828 nug.
411 1783 433 1818 2·
447 1760 500 1832 die
517 1761 633 1834 Roden
657 1763 874 1860 pervenimus.
901 1764 991 1833 lassis
1020 1762 1171 1834 anchoris
1196 1787 1314 1837 terram
1338 1788 1478 1860 propere

447 1867 706 1940 conscendimus.
738 1866 911 1940 Conversis
936 1870 971 1940 in
995 1870 1109 1967 firgam
1132 1869 1266 1960 civibus,
1293 1870 1390 1941 nostri
1412 1870 1478 1940 cas·

446 2000 532 2046 trum
560 1973 731 2065 invadunt,
760 1974 870 2072 spoliis
894 1975 1077 2047 vastant&
1100 1976 1242 2074 ignibus,
1270 2001 1405 2072 totaque
1423 1977 1477 2047 illa

447 2085 545 2153 noc‘le
568 2084 602 2154 in
617 2107 658 2152 eo
670 2083 926 2180 permanserunt.
944 2083 1041 2153 Mane
1059 2083 1148 2153 faslo
1162 2083 1309 2179 plurimis
1322 2082 1366 2155 ad
1380 2109 1479 2157 naves

447 2214 523 2260 cum
540 2185 642 2284 preda
664 2186 803 2279 reverfis,
830 2185 1024 2282 quibusdam
1047 2189 1102 2286 spe
1122 2189 1203 2261 lucri
1223 2216 1282 2287 per
1301 2192 1411 2264 vineas
1428 2192 1479 2262 in·

448 2319 542 2367 caute
560 2293 714 2391 disperfis,
731 2297 899 2367 Sarraceni
911 2294 1119 2368 multitudine
1138 2322 1261 2394 magna
1272 2323 1331 2394 per
1343 2303 1478 2369 noslem

447 2401 586 2474 collesla
602 2402 728 2473 nostros
748 2401 943 2474 invaserunt.
961 2395 1070 2474 Paucis
1092 2405 1203 2498 itaque
1220 2400 1295 2474 cefis
1313 2405 1476 2501 utrinque,

381 2503 384 2511 ’
447 2509 543 2580 missis
560 2508 603 2580 de
621 2504 757 2580 navibus
775 2507 908 2595 auxiliis,
935 2532 1005 2579 tota
1022 2509 1075 2581 die
1091 2511 1190 2606 pauci
1207 2509 1249 2581 de
1265 2510 1378 2581 nostris
1400 2535 1478 2581 cum
1555 2590 1560 2598 ¹

448 2615 555 2686 multis
580 2617 760 2688 Sarracenis
786 2614 1030 2705 commiserunt,
1056 2617 1102 2685 ita
1119 2639 1154 2685 ut
1170 2616 1267 2712 pauci
1292 2614 1334 2687 de
1351 2617 1476 2708 nostris,

446 2723 551 2792 Mauri
574 2721 707 2819 plurimi
733 2718 872 2791 arcubus
889 2743 1093 2793 morerentur
1108 2724 1144 2792 δε
1159 2720 1286 2794 balistis.
1305 2723 1381 2794 Sole
1398 2747 1477 2795 vero

445 2829 512 2898 iam
529 2825 572 2899 ad
590 2828 743 2898 occasum
758 2849 924 2924 vergente,
951 2829 1118 2900 Sarraceni
1141 2829 1254 2899 fortius
1270 2828 1475 2928 conglobati,

447 2930 503 3004 diu
536 2934 696 3007 ventilatis
728 2930 877 3024 consiliis,
916 2933 1072 3032 clangore
1103 2932 1237 3007 horrido
1277 2937 1477 3026 intonantes,

446 3039 544 3113 velud
571 3041 673 3136 parati
702 3042 816 3111 omnia
842 3041 973 3112 fortune
999 3043 1217 3132 committere,
1247 3068 1323 3114 cum
1351 3043 1476 3139 impetu

447 3149 574 3219 nostros
601 3145 752 3238 insiliunt,
782 3145 839 3218 sed
864 3147 970 3219 statim
998 3149 1031 3218 in
1048 3148 1164 3246 fugam
1187 3145 1342 3238 conversi,
1371 3150 1478 3246 turpia

447 3255 520 3350 post
549 3278 679 3352 tergum
709 3253 843 3327 vulnera
875 3255 1090 3351 susceperunt.
1127 3255 1235 3338 Nostri
1268 3257 1368 3352 igitur
1398 3277 1484 3327 tunc

448 3357 583 3431 demum
599 3357 735 3432 navibus
753 3359 784 3430 se
797 3359 1016 3456 suscipientes,
1036 3357 1200 3432 balistariis
1218 3360 1368 3433 ultimam
1385 3387 1477 3433 marr·

448 3461 566 3539 davere
584 3463 775 3537 custodiam.
800 3466 870 3561 Qui
887 3465 1014 3563 repulso
1033 3463 1246 3538 barbatorum
1262 3467 1388 3563 impetu
1406 3468 1478 3564 post

449 3597 564 3642 omnes
588 3569 725 3645 navibus
750 3573 880 3664 investi,
905 3574 1047 3668 primam
1064 3574 1263 3644 &ultimam
1292 3597 1479 3654 meruerunt

449 3703 621 3750 coronam.
651 3679 747 3750 Tunc
767 3703 846 3751 vero
868 3680 1007 3751 vislores
1033 3681 1152 3751 mutuis
1177 3681 1209 3751 se
1236 3677 1385 3752 laudibus
1403 3679 1478 3753 effe·

448 3807 565 3874 rentes,
594 3782 676 3855 dum
705 3785 736 3857 se
765 3784 939 3858 humiliant
962 3786 997 3856 in
1026 3784 1185 3875 laudibus,
1214 3788 1249 3858 in
1273 3787 1379 3884 gloria
1405 3787 1478 3884 plus

450 3890 550 3961 crevit
581 3888 784 3960 timidissimis
806 3889 987 3985 quibusque
1016 3889 1153 3963 audacia
1175 3890 1343 3988 loquendi.
1381 3894 1479 3965 Mane

344 4016 437 4075 nuga.
452 3996 537 4067 sada
566 3994 645 4066 feria
669 3996 756 4068 sexta
790 3996 963 4069 stationem
991 3996 1161 4088 solventes,
1199 4023 1314 4070 contra
1341 4000 1478 4070 insulam

452 4100 555 4174 Cadit
579 4127 694 4198 proras
721 4100 905 4194 direximus,
935 4127 1100 4199 portuque
1120 4107 1242 4206 recepti
1256 4107 1291 4176 in
1308 4107 1478 4212 magnani-
