3462 5110
452 373 494 451 52
901 372 1028 425 ousta

353 627 412 674 1219
448 590 699 685 revertebantur,
729 594 810 664 isius
840 595 875 664 &
911 593 976 665 tela
1004 593 1225 665 sustinuerunt.
1271 594 1481 666 inimicorum

449 698 599 772 manibus
611 702 700 796 capti
711 701 785 771 sunt
798 701 833 770 in
844 699 899 770 illa
913 698 1100 771 defensione
1113 700 1348 772 christianitatis
1361 701 1480 773 elesius

447 805 647 880 Beluacensrs
671 809 706 876 &
728 807 826 878 stater
847 807 926 896 eius,
952 808 1146 878 camerarius
1171 809 1255 904 regis
1279 809 1421 898 francie,
1446 811 1482 879 &

448 913 529 986 filius
548 915 628 1002 eius,
648 913 745 984 frater
764 910 1008 1010 Andegavenfis
1025 913 1170 1010 episcopi
1192 939 1268 984 cum
1284 914 1427 986 Iohanne
1440 914 1481 987 de

448 1021 537 1113 Arci,
566 1022 637 1093 viro
662 1018 765 1091 nobili
788 1023 824 1091 δι
845 1019 1068 1111 strenuissimo,
1093 1020 1254 1091 Henricus
1273 1019 1314 1092 de
1333 1021 1432 1094 Ulma
1447 1025 1483 1093 &

449 1126 501 1218 alij
528 1127 633 1219 multi,
662 1128 720 1223 qui
741 1125 891 1198 trucidati
915 1127 988 1198 sunt
1011 1128 1047 1196 ἃ
1073 1127 1107 1195 in
1132 1127 1357 1224 captivitatem
1383 1125 1693 1210 ducii.1s.,p.237,cr.

448 1234 626 1330 Templarij
653 1235 783 1332 triginta
808 1257 870 1305 tres
888 1235 976 1330 capti
996 1232 1049 1304 vel
1065 1231 1161 1304 occis
1179 1235 1253 1303 sunt
1269 1258 1347 1304 cum
1365 1236 1483 1306 mares-

449 1339 542 1412 calco
566 1339 734 1437 hospitalis
758 1341 867 1411 sancti
886 1338 1037 1412 lohannis
1058 1342 1094 1410 δε
1120 1331 1316 1436 quibusdam
1333 1341 1484 1413 fratribus

449 1446 594 1520 eiusdem
614 1446 744 1539 domus,
762 1473 825 1518 nec
841 1445 938 1521 evasit
955 1445 1020 1516 fine
1037 1443 1162 1517 damno
1181 1445 1302 1518 domus
1315 1461 1325 1493 ¹
1338 1447 1484 1519 Theuto·

449 1541 610 1626 hicorum.
624 1554 746 1651 Milicia
754 1554 879 1650 templi,
890 1579 954 1649 que
965 1555 1071 1649 prima
1084 1553 1167 1648 solet
1178 1550 1242 1625 else
1254 1555 1289 1624 in
1300 1553 1485 1652 congressu,

449 1664 564 1734 ultima
576 1662 690 1732 exstitit
703 1661 737 1732 in
748 1659 900 1758 regressu,
919 1658 1007 1731 unde
1021 1685 1097 1729 cum
1110 1658 1153 1730 ad
1170 1654 1326 1732 fossatum
1339 1661 1486 1733 nostrum

449 1767 564 1839 ultima
577 1764 716 1858 redisset,
730 1767 808 1836 soris
820 1765 966 1857 substitit,
984 1791 1019 1837 ut
1033 1767 1216 1856 exteriores,
1236 1789 1397 1861 quantum
1410 1769 1485 1864 pos·

448 1872 536 1945 sibile
552 1874 650 1965 foret,
672 1875 756 1944 intra
773 1875 883 1944 menia
904 1874 1038 1943 nostra²
1055 1870 1246 1963 reduceret,
1263 1874 1486 1969 persecutores

449 1979 584 2052 tandem
596 1978 639 2052 ad
649 1982 797 2078 captivos
808 1976 1259 2076 reducendos&colligenda
1268 1979 1373 2076 spolia
1381 1979 1485 2054 redie-

449 2111 535 2179 runt,
550 2086 630 2158 ficut
650 2086 865 2183 postmodum
882 2087 1097 2158 intelleximus
1119 2101 1163 2159 ³a
1179 2088 1370 2178 Sarraceno,
1390 2087 1486 2182 quin·

449 2195 606 2294 quaginta
616 2195 980 2290 christianorumcapita
989 2192 1128 2265 soldano
1137 2195 1486 2290 presentantes.Meror

448 2303 768 2400 nostrosoccupavit,
779 2300 834 2373 sed
843 2301 1484 2400 nulladesperaci03habemusprocert0‚

449 2409 542 2505 quod
559 2433 646 2504 pena
658 2410 786 2504 peccati
800 2407 860 2480 suit
877 2407 938 2480 hec
950 2408 1123 2505 caffigacio
1136 2411 1171 2478 &
1186 2409 1295 2479 minor
1307 2434 1376 2481 erat
1387 2434 1486 2505 pena,
1499 2425 1599 2486 v.,f.n
1610 2437 1694 2485 v0‚c.1.
1715 2453 1716 2460 κ

425 2529 428 2538 “
450 2507 551 2613 quam
571 2517 712 2614 exigeret
729 2515 835 2611 culpa.

498 2623 639 2694 Constat
662 2645 772 2692 autem
798 2619 905 2712 nobis,
935 2620 1028 2716 quod
1050 2623 1084 2692 in
1110 2622 1266 2718 precipua
1289 2624 1344 2693 sua
1365 2621 1486 2693 milicia

449 2729 597 2800 lusiuosa
630 2727 751 2800 damna
782 2728 993 2799 sustinuerunt
1020 2726 1189 2817 increduli,
1224 2755 1302 2800 narn
1332 2727 1485 2800 soldanus

451 2862 555 2908 unum
571 2834 612 2909 de
628 2837 730 2932 captis
744 2836 857 2906 nostris
873 2836 1004 2908 mittens
1022 2834 1064 2907 de
1081 2861 1163 2933 pace
1176 2836 1228 2908 vel
1246 2860 1360 2934 treuga
1377 2833 1486 2908 nobis·

451 2970 528 3015 curn
546 2949 683 3015 trasiare
700 2944 798 3038 cepit,
816 2943 851 3012 in
875 2967 944 3038 quo
963 2947 1098 3036 tratiaco
1117 2940 1269 3013 fossatum
1286 2943 1433 3014 nostrum
1452 2945 1487 3014 &

451 3052 656 3124 municiones
686 3049 762 3122 alias
792 3049 938 3120 alacriter
967 3050 1194 3145 reparavimus.
1226 3054 1348 3120 Interea
1376 3073 1486 3142 naute,

451 3158 685 3229 christianitatis
704 3154 898 3252 proditores,
924 3159 959 3226 &
976 3181 1051 3226 cum
1069 3157 1113 3226 eis
1129 3157 1292 3253 peregrini
1309 3156 1442 3252 plurimi
1455 3158 1487 3228 se

450 3266 537 3362 ipsos
553 3265 658 3363 magis
675 3289 833 3353 amantes,
852 3290 953 3359 quam
972 3259 1122 3334 fratribus
1139 3264 1394 3361 compatientes,
1412 3288 1487 3336 ante

450 3396 580 3468 tempus
615 3373 762 3443 consueti
788 3369 924 3469 passagii
956 3371 1118 3468 agonistas
1149 3371 1269 3442 Christi
1298 3373 1332 3441 in
1357 3372 1486 3442 summo

450 3479 596 3577 periculo
611 3479 809 3574 reliquerunt
825 3482 871 3568 &,
897 3477 1028 3551 elevatis
1052 3478 1129 3551 velis
1152 3477 1243 3550 adito
1262 3502 1371 3574 portu,
1389 3473 1486 3548 nobis

451 3587 640 3678 mesticiam,
656 3584 842 3677 Babyloniis
859 3583 1033 3656 audaciam
1053 3585 1272 3675 contulerunt,
1300 3587 1357 3680 qui
1370 3587 1485 3656 trasla-

327 3740 388 3800 s„,
400 3738 436 3786 ,⁶⁸
450 3718 521 3764 tum
537 3694 628 3789 pacis
644 3693 891 3764 intermittentes
914 3695 950 3764 in
972 3693 1083 3789 vigilia
1098 3693 1292 3763 Sansiorum
1310 3691 1436 3763 Cosmo
1450 3693 1485 3762 &

328 3804 388 3866 Sert-
400 3804 438 3850 2⁸·
452 3800 607 3872 Damiani
622 3804 658 3871 ὅ(
680 3801 827 3896 sequenti
848 3796 911 3888 die,
937 3800 1089 3894 proximo
1118 3799 1223 3870 eciam
1251 3796 1388 3869 sabbato
1407 3823 1484 3868 cum
1497 3820 1631 3884 u.,p.237,
1646 3835 1695 3868 ω.

451 3906 551 4008 'galeis
568 3911 603 3978 &
620 3905 763 3980 barbotis
789 3932 846 4002 per
873 3903 1008 3997 flumen,
1032 3931 1093 4003 per
1127 3929 1245 3978 terram
1270 3931 1381 3977 autem
1406 3929 1484 3978 cum

492 4161 500 4199 1
518 4142 547 4203 V,
560 4138 685 4198 dominus,
699 4159 761 4195 -ι
777 4141 806 4199 V.
822 4139 939 4198 nostram,
954 4167 988 4177 -
1004 4155 1016 4210 3
1034 4139 1062 4192 V.
1068 4135 1168 4213 supplet
1179 4139 1213 4196 ἃ,
