3462 5110
495 327 563 400 126
782 349 974 404 munuum
992 349 1043 402 mr
1062 349 1208 404 Tutum

418 561 702 647 1219nificamelos
719 569 754 638 δι
774 567 851 640 alias
862 565 975 640 bestias
992 568 1086 660 solas,
1103 572 1139 641 &
1155 595 1237 642 unus
1254 571 1401 668 Paganus
1415 596 1516 646 voca·

486 672 537 742 vit
552 673 678 743 nostros
695 677 729 745 &
746 672 842 746 dixit:
875 679 991 762 Venite,
1016 681 1086 768 quia
1109 683 1233 772 Pagani
1241 681 1358 772 fugam
1378 703 1517 772 ceperunt

488 777 520 847 d
537 807 671 874 eampum
686 809 751 850 cum
771 784 906 851 omnibus
921 786 1008 851 bonis
1023 784 1225 875 dimiserunt!

536 885 601 957 XV
602 891 621 957 l.
639 887 734 959 Tunc
751 887 906 958 intellexit
927 885 1112 960 christianus
1130 889 1297 980 exercitus,
1319 887 1412 984 quod
1428 889 1515 962 Cru-

487 992 599 1065 cifixus
618 990 747 1064 mififfet
766 994 841 1064 suos
862 993 979 1066 milites
1004 992 1048 1065 ad
1072 992 1331 1092 expugnandum
1347 995 1431 1086 illos,
1460 997 1517 1091 qui

487 1124 558 1171 non
581 1099 789 1172 crediderunt
806 1103 842 1171 in
861 1127 948 1191 eum,
971 1103 1006 1172 δι
1029 1100 1202 1172 Christiani
1226 1100 1424 1191 transierunt,
1448 1103 1516 1174 lau·

377 1223 439 1270 febr.
451 1235 473 1286 ς.
487 1206 602 1279 dantes
625 1207 789 1279 Christum
811 1210 848 1278 ἃ
867 1209 1000 1280 Beatam
1016 1209 1194 1306 Agamem,
1209 1223 1218 1255 ¹
1240 1209 1276 1280 in
1295 1235 1363 1304 quo
1381 1207 1434 1280 die
1450 1209 1516 1280 hoc

486 1314 557 1404 fuit,
572 1316 609 1384 ἃ
628 1313 721 1384 multi
737 1315 914 1405 sarraceni,
938 1317 995 1410 qui
1016 1315 1130 1414 sugam
1147 1317 1339 1406 nescierunt,
1356 1317 1516 1390 nterfetti

486 1421 627 1511 fuerunt,
654 1422 689 1491 &
713 1443 799 1490 totus
825 1422 979 1492 exercitus
996 1423 1104 1492 noster
1121 1447 1293 1495 renovatus
1311 1423 1355 1494 est
1372 1424 1515 1518 aspoliis

486 1553 613 1616 eorum,
638 1528 673 1597 δι
693 1524 848 1598 dominus
869 1525 995 1624 legatus
1011 1530 1158 1625 precepit
1174 1527 1330 1602 fossatum
1349 1530 1435 1600 circa
1454 1555 1515 1600 nos
1529 1545 1543 1594 f.
1557 1560 1581 1606 31
1595 1547 1615 1592 b·

485 1631 675 1704 faciendum
692 1634 726 1704 δε
744 1657 884 1728 pontem
907 1635 941 1704 in
958 1631 1102 1726 flumine,
1130 1638 1166 1707 ὃ(
1188 1633 1231 1707 fic
1247 1635 1450 1710 circumdata
1472 1636 1517 1708 est

486 1740 652 1830 Damiata‚
670 1739 763 1836 quod
778 1767 839 1812 nec
856 1743 951 1830 exire,
971 1766 1032 1813 nec
1049 1744 1166 1815 intrare
1180 1768 1280 1824 nemo
1297 1766 1437 1838 poterat.
1463 1819 1465 1824 ,

532 1845 597 1918 XV
598 1852 630 1920 ll.
648 1850 837 1946 Sciatisque‚
861 1847 953 1945 quod
977 1847 1020 1920 de
1037 1845 1184 1920 biscoslo
1198 1850 1234 1919 ὅ(
1251 1847 1293 1919 de
1310 1847 1404 1920 lardo
1422 1851 1456 1922 ἀ
1474 1847 1515 1922 de

484 1949 554 2021 aliis
568 1953 759 2028 vidualibus
771 1954 1001 2029 habundancia
1014 1955 1075 2026 fiiis
1085 1957 1119 2028 in
1134 1957 1285 2044 exercitu,
1304 1955 1360 2027 sed
1374 1955 1416 2028 de
1429 1981 1514 2052 pane

484 2061 606 2130 recenti
621 2063 656 2132 ἃ
673 2060 714 2132 de
740 2087 837 2134 carne
852 2065 888 2134 ὅ(
905 2061 947 2134 de
964 2063 1044 2135 vino
1062 2064 1211 2134 carencia
1236 2062 1295 2136 fuit
1312 2063 1394 2150 talis,
1422 2062 1514 2158 quod

485 2191 566 2236 unus
583 2169 663 2238 aries
675 2193 883 2267 comparatus
899 2169 960 2241 fitit
970 2194 992 2265 rt
1004 2170 1115 2240 uncias
1129 2170 1255 2266 argenti
1267 2171 1301 2239 δι
1317 2169 1440 2266 gallina
1452 2192 1514 2240 tres

484 2269 639 2344 bisantios
656 2277 691 2346 &
708 2302 811 2348 unum
827 2301 928 2350 ovum
941 2277 962 2367 ij
982 2274 1121 2368 solidos3
1140 2274 1278 2348 devino
1294 2300 1365 2346 non
1382 2272 1514 2371 possum

484 2377 579 2451 vobis
595 2405 751 2454 enarrate.
1181 2405 1184 2412 '

377 2524 389 2554 e
405 2524 423 2555 r.
434 2523 472 2556 20.
532 2486 596 2558 XV
597 2491 641 2559 lll.
660 2486 696 2558 Et
711 2489 784 2584 post
797 2487 941 2584 spacium
958 2479 1147 2584 quindecim
1164 2486 1293 2559 dierum
1308 2484 1463 2560 soldanus
1479 2489 1513 2566 ὃς

485 2591 673 2670 Coradinus
700 2621 868 2668 venerunt.
899 2597 995 2666 Tunc
1019 2592 1174 2691 superbus
1198 2590 1387 2665 Coradinus
1417 2591 1511 2666 dixit:

487 2707 516 2774 0
533 2705 699 2794 Clrffliani
716 2728 788 2796 ergo
806 2729 857 2773 eur
875 2728 1002 2796 oportet,
1019 2729 1074 2772 nos
1095 2705 1266 2772 mahumet
1281 2727 1393 2794 negare
1409 2701 1441 2772 θ’
1457 2701 1512 2793 effe

485 2813 685 2902 Christianos,
711 2836 764 2880 aut
786 2837 839 2882 vos
866 2813 1015 2902 Christum
1035 2810 1067 2879 d
1090 2811 1147 2902 effe
1174 2815 1328 2902 Pegasos.
1359 2807 1394 2878 Et
1418 2834 1511 2882 vene·

483 2941 559 2988 runt
574 2917 670 3013 supet
686 2940 747 2986 nos
765 2913 806 2988 ab
819 2916 873 2990 illa
889 2941 992 3013 parte,
1010 2914 1066 2988 ubi
1083 2940 1153 2986 non
1170 2929 1239 2987 e'rat
1250 2911 1407 2988 fossatum
1419 2940 1508 2986 com·

482 3022 619 3122 pletum,
638 3026 673 3096 δι
690 3025 812 3094 mortui
828 3023 959 3096 suerunt
977 3020 1019 3094 de
1036 3023 1171 3120 Paganis
1187 3019 1252 3094 fine
1268 3047 1417 3092 numeru.

370 3147 435 3194 Mart.
447 3163 470 3210 9.
531 3131 704 3203 XIX-XXl.
721 3135 859 3202 Intrante
871 3131 988 3202 Martio
1001 3151 1096 3200 nono
1109 3126 1162 3200 die
1174 3128 1264 3201 venit
1277 3125 1465 3200 Coradinus
1477 3130 1510 3198 ἃ

482 3237 579 3309 frater
599 3240 667 3309 eius
692 3236 845 3310 soldanus
870 3261 947 3309 cum
971 3261 1042 3309 tota
1058 3261 1157 3334 gente
1183 3261 1299 3310 eorum
1314 3237 1350 3306 ἃ
1367 3235 1510 3308 fecerunt

482 3345 661 3416 tentorium
686 3371 789 3417 unum
817 3368 892 3416 ante
922 3368 984 3414 nos
1007 3342 1110 3415 &ibi
1134 3339 1350 3414 comederunt
1375 3342 1508 3439 gallinas

483 3447 563 3522 duas
580 3473 716 3548 propter
731 3452 981 3542 sacramentum,
1007 3449 1099 3546 quod
1116 3451 1193 3522 fecit
1210 3447 1410 3540 Coradinus‚
1436 3449 1509 3545 quia

481 3556 615 3630 volebat
631 3583 706 3630 ante
720 3555 875 3628 fossatum
887 3557 1033 3630 nostrum
1046 3584 1177 3630 manere
1190 3557 1234 3630 ad
1247 3553 1390 3628 dedecus
1404 3555 1508 3628 Chris·

482 3667 659 3750 tianotum,
677 3665 850 3737 &mortui
867 3663 996 3736 fuerunt
1013 3663 1129 3735 exiliis
1146 3665 1250 3734 multi.

353 3792 420 3840 Mare
433 3806 469 3854 31·
530 3771 628 3842 XXll.
659 3776 693 3841 ln
714 3769 768 3842 die
794 3797 873 3843 vero
890 3771 983 3842 Rami
1000 3771 1194 3867 palmarum,
1216 3771 1319 3842 sciens
1339 3768 1505 3856 soldanus,

403 3921 406 3925 -
484 3877 576 3974 quod
591 3875 783 3951 volebamus
796 3877 911 3950 festum
924 3875 1096 3964 celebrate,
1115 3877 1252 3973 qualiter
1264 3877 1409 3952 Christus
1422 3877 1508 3961 venit

521 4129 531 4162 1
550 4113 607 4166 eod.
622 4110 761 4182 Agnetem.
