3466 5110
471 387 523 439 DE
548 383 838 439 PREDICACIONE
863 385 888 436 S.
914 385 1059 438 CRUCIS.
1260 387 1277 467 ς

247 607 324 698 lem,
344 607 420 702 quia
442 603 530 678 iudei
546 604 816 679 adiudicaverunt
836 603 1002 676 Christum
1023 606 1135 694 morti,
1160 608 1194 677 &
1208 603 1280 678 ¹Ro·

248 715 338 787 mani
359 740 436 786 eum
461 713 705 801 interfecerunt,
729 713 785 808 qui
810 712 939 783 fuerant
964 711 1120 784 Gentiles.
1145 717 1280 784 Granum

247 825 358 893 cecidit
379 828 410 892 in
431 845 552 909 terrum,
571 817 613 890 sic
634 819 779 890 Christus
800 818 836 890 in
857 841 987 890 uterum
1010 820 1111 891 Marie
1132 820 1277 918 virginis.

248 934 338 1026 Qifi
354 953 500 999 mortuum
509 932 612 1019 fuerit
631 929 739 1020 ipsum,
757 927 979 1020 mereseium,
1002 929 1047 997 ita
1065 925 1121 997 nisi
1135 927 1279 999 Christus

248 1057 397 1105 mortuus
411 1030 528 1123 sufflet,
536 1032 604 1129 ipse
621 1028 785 1102 mansisset
801 1031 887 1102 solus
899 1030 1022 1131 absque
1038 1032 1182 1105 hominis
1200 1059 1279 1104 con-

248 1141 353 1212 sorcio
366 1142 401 1211 in
421 1140 537 1238 gioria,
553 1139 713 1235 quoniam
729 1140 763 1210 in
780 1164 888 1210 morte
905 1139 960 1210 i'ua
977 1139 1117 1212 redemit
1132 1142 1165 1212 in
1183 1166 1280 1212 cruce

247 1272 350 1345 genus
361 1248 554 1337 humanum,
572 1247 743 1343 &aperuit
754 1247 867 1317 ianuas
877 1246 1025 1318 celorum
1035 1247 1124 1318 iuxta
1132 1247 1224 1338 illud,
1233 1247 1264 1316 T
1261 1279 1279 1320 u

246 1357 363 1426 tutuo
376 1357 607 1442 mortiterum,
618 1356 682 1424 ἃς.
693 1355 844 1424 Granum
855 1377 965 1426 autem
979 1367 988 1400 ¹
1003 1352 1167 1444 dividitur,
1177 1380 1280 1450 quan-

247 1459 293 1532 do
302 1463 436 1534 interior
444 1460 589 1533 medulla
598 1461 705 1532 exit&
718 1462 881 1558 germinat
894 1487 1035 1558 granum
1047 1463 1082 1531 &
1092 1457 1206 1532 desinit
1214 1457 1280 1532 effe

37 1588 131 1651 Βίης
144 1606 166 1648 a,
177 1606 198 1637 c.
213 1604 233 1638 ι.
247 1593 399 1666 granum,
417 1565 504 1639 unde
518 1567 772 1662 quodammodo
790 1570 927 1640 moritur
943 1569 978 1639 in
994 1568 1054 1639 itta·
1067 1564 1279 1659 deficacione‚

248 1674 288 1746 sic
304 1678 339 1746 &
356 1674 502 1746 Christus
520 1672 725 1747 dividebatur
743 1673 998 1770 quodammodo
1015 1676 1050 1745 in
1068 1672 1149 1766 du0‚
1160 1674 1281 1744 scilicet

248 1806 367 1878 corpus
384 1784 419 1852 &
432 1783 589 1868 animam,
602 1779 737 1875 quando
755 1783 865 1852 anima
881 1783 958 1852 exiit
974 1807 1146 1878 acorpore
1158 1783 1278 1876 &ape-

247 1890 309 1960 ruit
321 1891 453 1961 ianuam
470 1888 532 1959 celi
544 1890 578 1958 &
588 1885 678 1958 defiit
690 1885 755 1958 effe
768 1887 884 1978 homo,
898 1887 986 1960 unde
999 1887 1143 1960 Christus
1160 1889 1281 1959 morie·

247 1994 343 2068 batur
366 1997 400 2065 in
423 1995 476 2066 itta
500 1992 658 2068 divisione
677 1998 825 2090 corporis
842 1998 877 2066 ἂ
899 1997 1027 2088 anime3
1046 1997 1281 2069 convenienter

247 2104 345 2201 igitur
360 2102 544 2199 appellatur
561 2101 706 2174 Christus
723 2129 864 2200 granum
875 2107 909 2174 &
922 2128 993 2174 non
1010 2100 1195 2199 simpliciter
1204 2127 1279 2200 gra·

247 2237 338 2302 num,
357 2207 412 2281 sed
431 2210 585 2280 frumenti
601 2234 751 2306 granum.
784 2214 885 2281 Item:
904 2211 959 2281 Per
976 2209 1142 2281 Christum
1158 2212 1193 2280 &
1210 2210 1278 2279 Ma·

40 2347 129 2409 it57
141 2347 166 2406 b,
178 2363 198 2392 c.
210 2360 234 2393 2.
247 2318 329 2388 riam
353 2317 484 2389 intravit
500 2318 577 2406 vita,
595 2313 673 2385 ficut
689 2341 749 2412 per
765 2315 875 2387 Adam
892 2315 1042 2388 &Evam
1059 2340 1158 2388 mors.
1177 2316 1278 2387 Maria

247 2447 357 2496 autem
375 2425 434 2494 fuit
454 2424 488 2493 in
506 2448 610 2510 cruce,
633 2424 710 2518 quia
735 2423 768 2493 in
787 2424 931 2493 maximo
961 2424 1116 2514 cruciatu,
1140 2419 1278 2519 quando

245 2529 327 2605 vidit
339 2531 442 2602 filium
465 2530 559 2600 suum
575 2529 719 2625 pendere
743 2531 777 2600 in
796 2555 903 2616 cruce,
923 2529 1010 2600 unde
1026 2530 1148 2619 Yi'aias,
1163 2528 1278 2598 ultimo

245 2638 352 2732 capite
375 2636 447 2725 (ies.
478 2657 586 2729 LXVI,
617 2645 673 2733 7),
706 2667 725 2701 tt
741 2644 914 2729 uiutequum
936 2643 1120 2731 parturiret,
1140 2643 1279 2732 pepert't;

244 2771 401 2836 autequam
420 2751 531 2815 veniret
543 2771 653 2838 partus
670 2751 747 2830 eius,
768 2749 891 2839 peperit
903 2745 1073 2839 musculum.
1086 2775 1103 2807 u
1121 2743 1205 2840 Quis
1223 2770 1279 2813 au·

244 2849 325 2923 divit
342 2876 488 2947 unquam
506 2851 580 2938 tale,
600 2853 672 2945 quis
689 2849 770 2923 vidit
787 2850 863 2921 huic
880 2848 998 2922 simile?
1018 2851 1152 2921 Parturit
1169 2874 1279 2922 autem

243 2957 369 3045 mulier,
399 2956 532 3053 quando
554 2954 682 3028 laborat
710 2961 744 3028 &
770 2958 890 3027 nimios
911 2956 1010 3028 habet
1027 2955 1169 3047 dolores,
1187 2981 1279 3028 ante-

244 3088 345 3159 quam
371 3088 453 3159 puer
479 3061 622 3160 egreffus
649 3064 767 3135 fuerit²
787 3062 830 3134 ab
853 3087 958 3134 uteru.
992 3065 1044 3136 Sic
1070 3089 1139 3135 non
1158 3065 1219 3134 fuit
1236 3061 1278 3135 de

242 3167 339 3242 beata
356 3171 457 3241 Maria
474 3171 609 3267 virgine,
628 3195 693 3265 que
710 3172 838 3266 peperit
852 3168 916 3241 fine
935 3167 1062 3260 dolore,
1080 3168 1135 3241 sed
1152 3171 1275 3266 postea,

243 3275 379 3373 quando
402 3274 609 3376 affligebatur
629 3275 744 3350 videns
770 3276 875 3348 filium
900 3277 994 3348 suum
1015 3277 1160 3366 unicum,
1181 3279 1278 3348 inno·

243 3409 384 3473 centem,
402 3382 466 3454 sine
480 3384 574 3454 causa
592 3385 625 3453 in
643 3408 739 3455 cruce
757 3382 908 3479 pontum,
927 3382 1129 3479 despetium
1148 3413 1166 3455 a
1184 3384 1277 3454 disci-

243 3491 326 3588 pulis
340 3491 401 3561 suis
419 3490 620 3580 dereiieium,
632 3514 710 3560 tunc
729 3492 905 3587 parturivit.
922 3493 974 3562 De
993 3517 1032 3561 ea
1049 3515 1277 3588 competenter

241 3599 340 3694 igitur
356 3597 435 3668 dixit
451 3598 560 3669 Yi'aias
573 3596 691 3687 (LXVI,
704 3606 744 3694 7)
759 3631 767 3668 ε
781 3630 800 3659 a
809 3605 984 3690 crinrequum
993 3605 1174 3692 parturiret,
1183 3589 1276 3694 pepe:

242 3712 294 3793 rt't,
312 3731 469 3797 antequam
486 3712 600 3776 ueniret
610 3731 719 3800 partus
736 3711 812 3792 eius,
824 3711 944 3800 peperit
961 3707 1134 3798 musculum.
1149 3697 1194 3768 ³⁴»

293 3815 394 3881 item:
420 3810 508 3881 Sicut
531 3835 589 3906 per
613 3809 794 3901 mulierem,
820 3810 941 3881 scilicet
962 3809 1070 3898 Evam,
1101 3836 1165 3907 que
1189 3809 1277 3882 faeta

243 3916 303 3987 firit
315 3915 356 3988 de
369 3918 451 4007 viro,
466 3915 582 3988 scilicet
596 3914 638 3987 de
651 3914 736 4005 Ada,
751 3914 873 4012 absque
887 3918 1129 3989 coniunccione
1142 3919 1276 4008 femine,

281 4095 292 4127 r
317 4077 417 4129 Autem
438 4077 499 4128 add.
522 4077 550 4141 B,
568 4100 603 4142 ter
624 4105 656 4116 -
675 4097 689 4128 2
707 4077 730 4128 B
737 4053 740 4058 Ι
786 4076 986 4132 catenatur.

244 4157 320 4226 suus5
340 4187 374 4200 -
395 4173 407 4225 3
427 4159 564 4231 Antequam
570 4195 649 4212 ......
667 4157 734 4226 ntes·
