3462 5110
1024 183 1031 212 i

452 378 503 430 DE
522 379 697 432 IOHANNE
715 383 817 434 REGE
834 383 1063 436 IERUSALEM.
1202 388 1263 466 131

240 599 322 668 riam
338 596 531 689 habuerunt,
548 602 583 669 ἃ
597 602 811 692 ammirarius,
829 603 886 698 qui
906 603 993 674 maia
1011 603 1109 676 verba
1128 604 1268 698 dicebat,
1284 639 1342 688 1219

240 701 285 773 ibi
310 727 456 776 mortuus
481 706 542 776 fuit
565 709 599 776 ἃ
625 705 814 802 quindecim
836 707 899 798 aiij,
928 712 963 779 ἃ
987 711 1081 782 multi
1098 713 1270 784 Christiani

241 811 398 883 vulnerati
415 815 449 882 &
466 813 560 884 multi
578 815 664 907 equi,
689 817 724 884 ἃ
742 813 787 884 iiii
812 840 887 885 cum
911 840 1051 888 tremore
1068 817 1270 909 receffetunt,

240 919 276 985 ὅ(
292 920 390 988 nostri
411 944 487 989 cum
504 922 639 993 victoria
660 923 890 1014 remanserunt,
919 921 1088 996 laudantes
1106 925 1271 996 Christum

241 1026 425 1098 &Beatum
444 1032 659 1101 Germanum.

288 1133 447 1208 XXXVII.
481 1140 515 1206 in
550 1136 602 1208 die
627 1135 921 1234 tranffiguracionis
946 1137 1084 1207 Domini
1114 1162 1271 1236 ceperunt
1285 1172 1343 1230 Aug.
1355 1185 1376 1233 ς.

240 1239 413 1312 Christiani
429 1244 593 1314 civitatem
611 1269 798 1340 expugnare
822 1246 857 1313 ὅ(
883 1240 1037 1314 foffatum
1063 1245 1210 1343 implere,
1235 1249 1270 1317 &

241 1370 308 1417 erat
334 1345 380 1417 ibi
409 1348 488 1419 aiios
518 1355 626 1440 catus,
648 1348 780 1421 indutus
809 1351 906 1439 fert0,
935 1351 968 1420 in
1003 1376 1070 1445 quo
1101 1375 1169 1422 tota
1199 1354 1270 1449 spes

240 1452 500 1526 Christianorum
525 1456 677 1552 capiendi
706 1458 870 1528 civitatem
885 1483 963 1546 erar,
989 1460 1024 1527 ὃ(
1047 1459 1166 1555 Pagani
1185 1459 1269 1531 fece-

240 1584 314 1630 runt
346 1558 474 1659 signum
482 1620 492 1652 ,
522 1566 557 1633 ἃ
586 1565 674 1636 venit
703 1561 856 1635 soldanus
885 1588 974 1635 extra
1007 1562 1163 1635 foffatum
1197 1567 1270 1636 nos-

240 1690 336 1755 trum,
363 1671 397 1738 ἃ
432 1694 548 1739 omnes
578 1669 750 1741 Christiani
784 1693 992 1742 cucurrerunt
1020 1671 1054 1740 in
1083 1668 1206 1762 sabulo,
1236 1675 1271 1742 ὅ(

239 1772 359 1869 Ρὲςαηί
377 1776 523 1844 exierunt
542 1778 577 1844 &
594 1799 819 1847 cremaverunt
836 1800 956 1867 catum,
967 1778 1002 1845 ὃ(
1018 1779 1190 1848 mortui&
1201 1779 1271 1850 vul·

240 1881 342 1948 nerati
373 1904 450 1950 tunc
478 1881 606 1952 fitetunt
624 1882 730 1951 „multi
761 1882 943 1971 Christiani,
974 1885 1008 1953 &
1034 1885 1148 1975 sciatis,
1178 1884 1271 1980 quod

240 1986 386 2081 quinque
403 2011 493 2059 catos
518 1986 614 2058 nobis
632 2013 867 2078 cremaverunt,
894 1991 928 2058 ὃ(
946 1989 1120 2085 plusquam
1137 2015 1270 2062 centum

240 2091 413 2174 Christiani
437 2119 500 2190 pro
518 2096 561 2164 eis
582 2097 704 2166 mortui
722 2095 860 2186 fuerunt,
888 2098 923 2165 ὅ(
940 2097 1058 2191 Pagani
1083 2098 1176 2168 multi
1197 2099 1267 2170 fue-

240 2222 314 2270 runt
330 2199 468 2290 exaltati,
487 2201 660 2272 Christiani
676 2228 755 2273 vero
773 2200 969 2273 conturbati.

288 2306 652 2380 XXXVlil.Undecimo
660 2307 711 2379 die
720 2308 854 2405 Augusti
863 2332 975 2378 comes
982 2305 1172 2380 deMarchia
1178 2337 1266 2382 mor·
1280 2346 1341 2404 Aug,
1355 2359 1390 2392 ῃ,

240 2439 311 2486 tuus
320 2415 554 2506 fuit,&comes
564 2415 605 2486 de
614 2417 756 2502 Niversa,
765 2440 839 2485 orto
848 2416 949 2505 ma10,
959 2415 1000 2486 de
1010 2419 1148 2488 exercitu
1160 2421 1267 2492 exivit.

240 2527 273 2594 ln
298 2521 351 2593 die
375 2520 609 2618 affumpcionis
632 2525 727 2594 Beate
748 2524 848 2592 Mario
878 2524 965 2619 capti
990 2523 1120 2593 fuerunt
1146 2525 1270 2620 septem
1283 2553 1342 2610 Aug.
1356 2562 1391 2610 15.

238 2631 404 2701 Sarraceni
429 2632 463 2700 in
481 2629 627 2722 flumine,
653 2631 708 2726 qui
727 2627 918 2701 deferebant
943 2653 1045 2700 cattas
1064 2631 1211 2721 civitatis,
1236 2636 1270 2704 ἃ

238 2764 337 2810 mane
355 2735 396 2808 ad
416 2725 559 2808 dedecus
575 2738 780 2834 Paganorum
797 2763 900 2824 aures,
920 2739 1060 2807 nares&
1077 2735 1207 2809 brachia
1225 2740 1269 2809 eis

184 2865 194 2874 ·
238 2843 373 2918 absciffa
398 2845 537 2933 fuerunt,
567 2847 602 2914 ὃ(
625 2845 711 2915 foras
734 2843 872 2940 proiecti
901 2844 1032 2914 fuerunt
1058 2868 1212 2938 quattuor
1235 2851 1270 2917 &

238 2941 290 3044 aiij
308 2953 342 3022 in
364 2953 539 3042 civitatem,
566 2955 601 3022 ὅς
617 2953 783 3024 Sarraceni
807 2976 910 3020 unum
939 2950 980 3020 de
1006 2951 1119 3022 nostris
1143 2976 1269 3025 trunca-

237 3084 362 3132 verunt.
395 3063 429 3129 ln
459 3063 580 3129 odiavo
611 3058 742 3129 decimo
771 3057 824 3129 die
855 3059 1001 3156 Augusti,
1033 3084 1179 3130 mortuus
1209 3062 1269 3132 fuit
1282 3081 1343 3138 Aug.
1357 3079 1392 3125 18.

239 3179 350 3238 'comes
369 3165 409 3236 de
426 3167 497 3236 Bar.

285 3273 430 3345 XXXIX.
459 3277 492 3342 in
522 3271 574 3343 die
599 3273 706 3343 Sancti
735 3273 959 3343 Bartholomei
983 3275 1100 3342 iterum
1122 3299 1268 3347 armave·
1283 3301 1343 3357 Aug.
1355 3310 1393 3356 24.

238 3405 313 3453 runt
329 3380 502 3452 Christiani
519 3404 631 3477 cogas,
657 3378 713 3451 ubi
741 3381 870 3450 fuerunt
894 3379 987 3466 scale,
1015 3383 1049 3450 ἃ
1080 3405 1137 3474 pre
1164 3380 1268 3450 nimio

239 3490 330 3560 cursu
347 3487 490 3559 fluminis
515 3513 585 3560 non
606 3511 784 3584 potuerunt
806 3489 1073 3585 appropinquare
1098 3489 1270 3558 civitati&

239 3597 329 3667 nullo
350 3595 455 3667 modo
473 3594 624 3669 valebant
642 3621 715 3666 eam
736 3621 933 3693 expugnare.
963 3597 1059 3666 Tunc
1087 3621 1144 3690 per
1161 3597 1269 3690 super-

236 3700 327 3774 biam
344 3702 502 3800 peditum,
522 3704 578 3798 qui
593 3700 756 3793 dicebant,
773 3728 889 3774 omnes
908 3703 1100 3797 capitaneos
1115 3700 1178 3772 effe
1194 3727 1270 3799 pro-

239 3808 370 3902 ditores,
397 3810 572 3881 statuerunt
597 3835 745 3906 pugnare
771 3835 855 3880 cum
869 3809 1049 3881 Sarracenis
1075 3810 1109 3879 in
1137 3835 1269 3906 campo,

238 3921 273 3989 ὃ(
291 3944 372 4016 gens
390 3918 497 3988 nostra
512 3918 546 3987 in
565 3941 627 3986 tres
645 3941 752 4013 partes
766 3916 865 3988 divisa
883 3916 943 3986 fuit
960 3949 969 4006 3
988 3940 1053 3985 una
1071 3940 1145 4010 pars
1165 3918 1270 3986 custo·

240 4024 351 4097 diebat
371 4025 545 4114 civitatem,
571 4023 633 4098 alia
650 4025 708 4095 ivit
723 4049 782 4127 per
802 4018 934 4124 aqriam,
961 4021 1023 4092 aha
1043 4047 1102 4124 per
1122 4020 1270 4098 sabulum

240 4129 368 4210 siccum.
