3462 5110
483 361 550 458 146
729 377 841 430 11111111
859 375 1011 430 ousmrr
1029 372 1254 428 cumsrmur

406 619 464 666 1218
478 600 666 673 Confestim
689 601 788 697 igitur
818 597 1035 697 quadraginta
1059 621 1213 695 quattuor
1239 595 1378 668 armavit
1397 593 1507 692 galeas

345 714 429 761 0st0b·
441 731 462 778 9·
477 709 512 778 &
531 732 607 778 cum
624 706 673 778 his
690 709 723 778 in
741 706 820 778 sesto
837 706 945 779 saneti
958 703 1105 798 Dionyfij
1122 706 1211 776 irruit
1227 703 1321 799 super
1337 725 1408 772 nos.

525 817 604 887 Vlll.
630 814 803 886 Christiani
825 839 905 886 vero
930 815 1119 887 catervatim
1144 838 1202 910 per
1227 809 1375 884 sabulum
1392 808 1507 879 armati

476 921 676 1011 incedentes,
701 947 763 992 nec
779 944 922 992 mortem
937 945 1000 1017 pro
1017 920 1135 994 Christi
1152 921 1299 1008 nomine,
1324 941 1385 988 nec
1400 915 1506 990 iamla

477 1027 702 1119 formidantes,
730 1028 785 1100 sed
803 1029 836 1098 in
863 1027 991 1098 honore
1011 1026 1163 1100 &laude
1184 1026 1248 1100 Dei
1267 1025 1506 1123 perseverantes

478 1136 580 1207 multa
592 1135 671 1232 passu
684 1136 756 1206 sunt
766 1133 946 1231 opprobria
958 1138 993 1206 δι
1005 1135 1138 1208 vulnera
1148 1137 1183 1206 in
1194 1133 1248 1206 die
1261 1134 1324 1205 illa.
1341 1129 1505 1204 Dominus

476 1267 587 1313 autem
613 1242 750 1340 legatus,
775 1239 925 1314 deferens
950 1243 1079 1342 lignum
1102 1241 1274 1314 salvatoris
1296 1241 1332 1310 in
1355 1232 1505 1309 manibus

478 1350 550 1441 suis,
579 1346 769 1419 hortabatur
787 1349 955 1422 milites&
972 1349 1096 1446 pedites
1119 1347 1162 1420 ad
1179 1345 1373 1442 obsequium
1391 1344 1504 1416 Cruci·

476 1453 542 1546 fixi,
560 1457 595 1526 &
612 1480 689 1525 ecce
706 1451 811 1526 subito
828 1456 1003 1527 innovatus
1020 1455 1064 1526 est
1080 1455 1132 1528 ille
1151 1454 1333 1527 Daviticus:
1350 1453 1504 1544 sculpet·

475 1565 557 1654 cuffit
569 1563 655 1632 mille
669 1562 700 1632 θ
715 1566 822 1632 David
838 1565 938 1632 decem
954 1565 1043 1632 milio
1063 1560 1095 1658 (1
1116 1564 1339 1653 Sam.,xs¹111,
1356 1560 1406 1652 7).
1425 1557 1503 1628 Non

476 1668 581 1739 solum
610 1671 698 1739 enim
722 1667 839 1739 milites
861 1669 1068 1768 Paganorum
1093 1667 1188 1740 occifi
1212 1668 1295 1754 sunt,
1326 1665 1382 1738 sed
1406 1666 1503 1736 etiam

475 1775 532 1866 illi,
562 1776 619 1870 qui
644 1799 801 1848 venerant
824 1777 858 1846 in
883 1775 995 1874 galeis,
1023 1777 1057 1848 in
1082 1802 1168 1873 aqua
1184 1772 1335 1848 submersi
1359 1774 1444 1864 sunt,
1470 1772 1504 1842 &

476 1906 562 1976 aqua
579 1882 735 1978 sanguine
747 1882 782 1951 &
794 1882 950 1977 spurcicia
970 1907 1086 1954 eorum
1103 1881 1188 1954 adeo
1200 1883 1323 1954 infesta
1337 1881 1393 1968 est,
1413 1876 1504 1975 quod

475 1987 634 2085 plurimos
651 1986 720 2058 dies
739 1985 803 2059 fine
821 1991 958 2082 aqua&
975 1991 1128 2062 εοέῑὶοηε
1145 1989 1275 2060 suimus.

525 2095 576 2166 IX.
599 2094 668 2165 Post
692 2093 755 2166 hec
777 2095 936 2192 applicuit
952 2093 1160 2192 Ruodpertus
1185 2095 1227 2168 de
1243 2093 1404 2168 crufione
1428 2119 1505 2166 cum

476 2199 685 2274 Tubernense
712 2203 834 2273 comite
856 2204 1031 2274 &comite
1060 2200 1102 2272 de
1124 2203 1278 2295 Marchia,
1313 2203 1368 2299 qui
1385 2200 1505 2272 multos

476 2312 585 2380 secum
612 2305 814 2378 adduxerant
844 2309 1086 2381 commilitones
1113 2309 1155 2381 de
1178 2309 1289 2382 Gallia
1312 2311 1348 2382 &
1375 2307 1504 2404 Anglia.
1545 2297 1552 2314 ⁹

476 2414 678 2513 Perpendens
691 2439 802 2486 autem
818 2442 874 2487 rex
890 2416 1006 2514 Egipti‚
1027 2415 1119 2512 quod
1135 2416 1395 2488 Christianorum
1410 2415 1506 2485 cotti·

477 2520 530 2593 die
547 2520 727 2620 augebatur
744 2523 911 2611 exercitus,
939 2524 1108 2622 cogitavit,
1137 2522 1240 2619 quod,
1264 2546 1443 2619 antequam
1458 2520 1506 2592 isti

478 2654 582 2726 equos
600 2627 803 2700 extraherent
816 2631 954 2702 &anna
972 2629 1013 2702 de
1030 2629 1166 2704 navibus
1184 2654 1396 2728 exponerent,
1413 2630 1506 2724 super

477 2762 539 2808 nos
556 2762 684 2808 irruere.

604 2954 747 3046 Qunlr'm
754 2954 890 3045 secunda
907 2958 972 3024 vice
980 2953 1131 3047 soldanus
1149 2957 1262 3043 nostros
1279 2956 1393 3046 invasit.

332 3180 415 3227 onos.
426 3183 463 3229 2⁶.
527 3163 627 3260 Igitur
643 3163 677 3232 in
695 3162 774 3233 sesto
788 3164 895 3236 Sandli
908 3165 1066 3256 Demetrij
1079 3186 1238 3236 venerunt
1249 3162 1368 3262 Pagani
1380 3161 1424 3236 ad
1437 3186 1505 3236 ten·

478 3269 572 3359 toria,
595 3268 695 3340 nostri
717 3293 838 3360 autem,
865 3271 957 3367 equis
981 3270 1136 3343 velociter
1156 3267 1307 3366 accensis,
1335 3269 1504 3367 perseque-

477 3371 595 3446 bantur
620 3400 677 3448 eos
695 3375 796 3472 usque
818 3376 862 3448 ad
890 3401 1029 3475 pontem
1050 3378 1154 3469 suurn,
1179 3402 1354 3474 perquem
1372 3373 1505 3449 cottidie

402 3539 409 3554 ,
477 3480 653 3553 veniebant
680 3481 723 3555 ad
748 3509 820 3554 nos.
853 3482 898 3556 lbi
915 3483 1009 3556 multi
1028 3481 1124 3556 occisi
1141 3484 1213 3556 sunt
1228 3483 1372 3575 illorum,
1396 3485 1432 3556 &
1449 3479 1504 3554 nist

477 3611 545 3656 nox
565 3585 712 3681 affuisset,
736 3614 813 3660 cum
835 3589 896 3660 illis
913 3613 1052 3687 pontem
1071 3586 1298 3680 transissemus3
1324 3585 1346 3658 st
1369 3587 1503 3685 quidam

476 3691 620 3781 illorum,
640 3694 697 3789 qui
710 3719 849 3790 pontem
865 3696 1042 3787 evaserant,
1060 3697 1161 3793 ruptis
1181 3690 1311 3767 funibus
1324 3696 1360 3766 ὅ(
1372 3696 1504 3786 catenis,
1525 3739 1528 3746 ·

478 3797 594 3894 quibus
610 3825 696 3897 pons
713 3800 911 3891 firmabatur,
926 3801 1069 3876 eundem
1081 3801 1170 3876 abire
1182 3801 1382 3894 dimiserunt,
1398 3800 1505 3898 sicque

477 3907 576 3977 nostri
593 3931 670 3977 cum
683 3909 849 4005 triumpho
867 3910 940 3980 sunt
953 3906 1067 3983 reversi
1082 3907 1252 3982 laudantes
1263 3911 1299 3982 &
1310 3906 1503 3981 benedicen-

478 4036 524 4084 tes
549 4014 735 4086 Dominum
758 4016 978 4111 Sanslumque
994 4016 1209 4091 Demetrium.
1238 4014 1308 4090 Erat
1330 4039 1440 4092 autem
1460 4012 1504 4089 ibi
