3462 5110
488 418 556 498 154
734 417 846 468 LIBER
864 415 1016 468 DUELLII
1035 415 1260 467 CHRISTIANI

410 670 467 716 1219
481 638 540 710 bus
553 641 718 710 Sarraceni
731 663 846 735 pugna
858 639 1016 728 conserta,
1035 638 1196 736 firgerunt,
1214 637 1384 734 pluresque
1399 664 1513 710 eorum

480 751 514 817 in
528 771 649 842 campo
664 745 816 816 cadentes
830 743 925 815 occisi
939 747 1021 834 lunt,
1035 743 1091 815 sed
1101 747 1135 815 ἃ
1148 745 1273 837 califus,
1286 771 1402 816 eorum
1416 773 1513 843 papa,

481 854 662 951 aquodam
675 855 785 924 nostro
813 855 913 924 milite
931 851 1106 949 perculsus,
1123 853 1251 942 cecidit,
1269 853 1325 924 sed
1342 856 1513 928 semivivus

480 962 587 1051 evasit,
616 989 698 1033 unus
725 985 833 1033 autern
857 959 899 1031 de
919 961 1033 1030 nostris
1059 985 1204 1031 mortuus
1226 961 1270 1030 est
1287 961 1370 1052 illic3
1395 960 1513 1059 sicque,

480 1095 593 1166 pugna
625 1069 740 1158 soluta,
767 1069 932 1139 Sarraceni
956 1094 1032 1138 cum
1056 1093 1184 1162 merore
1210 1066 1253 1138 ad
1279 1068 1333 1137 l'ua
1351 1067 1514 1144 redierunt

482 1176 594 1262 castra,
613 1177 712 1246 nostri
729 1200 840 1246 autem
861 1201 938 1245 cum
956 1173 1079 1272 gaudio
1097 1201 1281 1246 remearunt
1297 1177 1331 1246 in
1349 1177 1413 1245 sua.

529 1283 644 1354 XXlX.
670 1288 703 1353 ln
721 1281 835 1353 diebus
852 1282 911 1352 illis
928 1284 1075 1379 precepit
1092 1281 1247 1352 dominus
1263 1282 1390 1380 legatus
1408 1284 1513 1353 omni-

479 1388 539 1460 bus
579 1392 726 1487 accipere
754 1391 980 1486 penitentiam,
1013 1415 1115 1484 quum
1145 1387 1278 1461 volebat
1305 1413 1453 1486 pugnare
1479 1391 1514 1459 in

479 1523 612 1595 camp0,
639 1521 754 1593 parato
772 1522 875 1586 curru,
896 1497 930 1566 in
949 1522 1017 1591 quo
1034 1495 1188 1568 vexillum
1204 1497 1320 1568 Sandle
1337 1497 1453 1567 Crucis
1471 1495 1512 1567 ad

481 1602 730 1675 defendendum
754 1625 822 1672 erat
839 1602 1123 1698 componendum.
1151 1605 1248 1700 lgitur
1267 1605 1301 1673 in
1319 1603 1398 1673 festo
1416 1603 1513 1673 Sanc·

364 1729 414 1775 tun.
428 1741 464 1787 29·
481 1735 591 1781 totum
615 1709 852 1805 Apostolorum
877 1710 958 1779 Petri
973 1712 1008 1780 ὃς
1027 1711 1113 1780 Pauli
1138 1708 1231 1799 iuffit,
1257 1733 1374 1780 omnes
1400 1707 1514 1779 discal-

481 1819 583 1889 ciatos
601 1816 644 1889 ad
668 1844 780 1889 veram
798 1819 936 1888 Domini
959 1842 1092 1887 crucem
1109 1818 1230 1906 venire,
1255 1819 1440 1887 Dominum
1457 1815 1514 1886 de-

481 1950 662 2022 precantes,
690 1950 734 2016 ut,
760 1926 814 2019 qui
833 1926 866 1994 in
887 1950 925 1994 ea
942 1922 1111 2020 pependit,
1139 1917 1234 1994 nobis
1253 1950 1368 1995 vetum
1384 1926 1418 1994 ὅ(
1437 1923 1514 1993 utile

481 2030 671 2129 dignaretur
696 2029 867 2102 confilium
889 2057 1012 2126 parate.
1042 2030 1245 2102 Previdentes
1267 2054 1377 2101 autem
1396 2031 1513 2128 princi·

480 2165 537 2236 pes
555 2139 664 2224 nostri,
699 2137 792 2233 quod
817 2164 886 2208 non
909 2136 986 2208 effer
1011 2163 1128 2228 tutum,
1155 2160 1303 2234 pugnate
1327 2139 1362 2207 in
1380 2159 1514 2234 camp0,

481 2271 585 2341 quum
602 2244 788 2341 oportebat,
807 2271 869 2317 nos
882 2243 972 2316 simul
986 2267 1133 2342 pugnare
1146 2270 1223 2316 cum
1241 2244 1370 2316 civitate
1389 2246 1423 2314 ὅ(
1440 2244 1514 2314 nos·

482 2379 529 2424 tra
546 2355 671 2425 servare
686 2351 815 2444 fossata,
833 2356 867 2424 ὅ(
881 2376 941 2449 pto
960 2378 1027 2424 uno
1041 2352 1227 2424 Christiano
1244 2352 1417 2447 plusquam
1435 2377 1515 2446 qua·

480 2459 631 2556 draginta
654 2483 745 2530 etant
763 2461 893 2557 Pagani,
919 2458 1063 2553 ideoque
1088 2460 1276 2554 respuerunt
1296 2458 1516 2530 necellltatem

481 2593 601 2663 pugne.

391 3009 433 3054 tut.
446 3009 467 3054 8·
533 2995 635 3065 XXX.
658 2998 780 3063 lnterea
794 2995 915 3064 odlavo
928 2990 1001 3061 idus
1020 2991 1085 3080 lulij
1104 2990 1308 3062 adduxerunt
1324 2991 1422 3062 nostri
1440 3014 1515 3059 coc-

486 3128 539 3174 cas
557 3127 634 3171 cum
651 3100 752 3188 scalis,
770 3101 804 3169 ὅ(
823 3097 925 3196 polite
947 3099 1019 3168 l'unt
1036 3099 1128 3194 l'uper
1144 3097 1267 3169 flumen
1284 3115 1389 3195 prope
1407 3097 1516 3166 menia

484 3210 630 3296 civitatis,
650 3210 685 3278 ὃς
704 3230 761 3302 pet
778 3230 883 3276 totam
901 3205 990 3276 diem
1011 3229 1250 3303 pugnaverunt.
1270 3205 1388 3302 Pagani
1405 3223 1517 3274 autern

482 3316 691 3414 proiecerunt
715 3315 830 3410 ignem
854 3313 947 3408 super
971 3313 1069 3383 scalas
1094 3313 1212 3407 easque
1229 3309 1326 3384 valde
1353 3334 1516 3381 cremave-

484 3447 567 3492 runt.
585 3418 692 3516 Quod
704 3418 851 3490 videntes
865 3417 1048 3508 Christiani,
1064 3418 1229 3513 plorantes
1242 3419 1277 3487 ἃ
1290 3441 1409 3487 tertam
1423 3416 1514 3485 oscu-

482 3528 585 3599 lantes
604 3551 796 3621 nomenque
816 3527 953 3596 Domini
969 3527 1172 3614 invocantes,
1192 3521 1362 3594 dicebant:
1386 3524 1517 3594 'Domine

483 3638 567 3728 llesu
599 3636 728 3722 Christe,
764 3637 816 3722 qui
844 3633 977 3722 liberasti
1002 3657 1062 3700 tres
1079 3656 1191 3722 pueros
1221 3633 1258 3698 de
1288 3636 1406 3699 cumino
1433 3629 1625 3722 ignl5t179b.
1702 3655 1703 3664 ¹

484 3741 583 3809 &eos
601 3747 665 3834 fine
693 3740 829 3806 incendio
847 3740 988 3830 servasti,
1017 3739 1111 3806 libera
1129 3737 1270 3827 furnulos
1296 3738 1378 3806 Tuos
1405 3739 1441 3804 ab
1462 3738 1515 3824 ista

479 3850 702 3940 persecutione,
732 3871 767 3913 ne
798 3847 922 3937 Pagani
939 3845 1051 3937 poffinr
1076 3845 1210 3912 exultare
1234 3846 1271 3912 de
1294 3849 1390 3935 nostra
1411 3841 1515 3934 perdi·

483 3957 589 4024 clune!

533 4057 651 4128 XXXl.
680 4057 828 4127 Monstro
846 4073 956 4126 autem
977 4055 1066 4125 fado
1083 4057 1116 4126 in
1135 4055 1275 4142 civitate,
1293 4053 1430 4148 septima
1446 4052 1516 4125 vice

484 4167 573 4236 venit
591 4161 743 4235 soldanus
762 4185 839 4233 cum
855 4187 957 4232 manu
974 4159 1104 4232 robusta
1120 4157 1301 4232 &volebat
1317 4161 1437 4230 intrare
1453 4157 1515 4228 fos»
1595 4251 1599 4254 -

483 2788 534 2851 ‘De
549 2787 653 2876 prima
676 2785 812 2851 civitatis
836 2787 1062 2874 impugnatione
1079 2781 1110 2850 (³)
1128 2784 1251 2870 hostium
1276 2779 1387 2874 magna
1396 2785 1513 2874 strage.

1702 3503 1703 3560 l

1702 3613 1703 3650 l
