3462 5110
487 349 553 444 138
794 366 984 418 ronnuuns
1001 365 1051 418 or
1069 365 1215 417 rurum

409 617 467 665 1219
480 587 534 676 est,
551 591 586 658 &
598 587 703 658 nullus
715 588 867 683 princeps
885 585 926 656 de
942 613 981 657 ea
994 586 1091 682 plene
1106 581 1231 656 laudari
1246 585 1352 680 potest
1368 582 1425 656 nist
1443 585 1507 679 ille,

480 697 532 765 cui
544 695 612 766 laus
625 698 660 765 &
679 694 785 792 gloria
801 695 953 790 pertinet,
970 696 1005 763 &
1022 693 1185 763 convenit.

370 813 430 860 Νῦν·
443 826 464 875 5·
526 803 698 874 LVI-LVll.
722 804 823 872 Anno
837 801 976 871 Domini
993 801 1042 872 Μ.
1053 799 1133 870 CC.
1147 801 1209 888 xiii,
1224 797 1427 874 ¹indidlione
1438 803 1505 890 viii,

479 908 651 1006 quintadie
662 912 802 980 intrante
811 905 1138 998 menleNovembris,
1147 910 1182 978 in
1190 907 1416 1006 vigiliaSancli
1427 908 1507 978 Leo·

478 1017 571 1088 nardi
581 1015 718 1106 abbatia,
728 1017 763 1086 in
773 1014 892 1106 media,
904 1041 1028 1086 annum
1036 1042 1139 1086 unum
1148 1015 1507 1110 &mensesquinque&

477 1121 702 1195 hebdomadas
721 1122 811 1211 duaa,
829 1125 863 1192 ὅ(
882 1122 971 1193 diem
987 1138 1089 1194 unum
1106 1123 1222 1193 stantes
1240 1121 1414 1192 Christiani
1430 1145 1506 1193 ante

477 1233 677 1321 Damiaram,
698 1256 717 1300 a
734 1225 884 1299 manibus
897 1231 1106 1301 inimicorum
1124 1230 1226 1300 crucis
1244 1255 1318 1299 eam
1333 1229 1505 1324 usurpave-

477 1361 562 1428 runt,
578 1361 727 1432 tempore
741 1337 883 1424 Honorij
902 1337 1018 1407 summi
1031 1335 1194 1432 pontificis
1207 1340 1243 1407 &
1255 1335 1383 1408 domini
1394 1333 1505 1407 frede·

477 1445 535 1514 rici
547 1445 762 1540 imperatoris,
780 1446 814 1513 ὅ(
826 1457 840 1488 ²
851 1445 885 1514 in
901 1468 1049 1540 tempore
1065 1443 1225 1535 Iohannis,
1239 1445 1324 1541 regis
1339 1442 1506 1516 Ierusalem

477 1554 511 1621 ἃ
529 1550 656 1648 Pelagij,
683 1551 787 1620 Rome
806 1550 915 1648 legari,
931 1553 967 1621 ἃ
985 1549 1146 1647 Radulphi
1164 1550 1356 1646 patriarche,
1373 1551 1505 1623 volente

479 1659 627 1728 Domino
645 1660 679 1727 ὅ(
697 1682 909 1753 cooperante,
932 1662 987 1753 qui
1011 1659 1124 1729 omnia
1142 1659 1227 1749 fecit,
1245 1657 1420 1729 Christiani
1436 1660 1505 1729 Da·

475 1765 610 1833 miatam
641 1761 684 1834 ad
704 1763 866 1835 honorem
882 1766 946 1835 Dei
964 1767 998 1834 ὅ(
1020 1766 1171 1835 omnium
1189 1766 1375 1836 sauciorum
1390 1763 1504 1834 lucrati

476 1870 556 1941 sunt.
571 1877 609 1940 Et
629 1900 682 1943 vos
700 1901 812 1961 omnes,
822 1879 875 1965 qui
889 1875 997 1967 legitis
1010 1873 1231 1966 &intelligitis
1242 1879 1318 1942 hunc
1335 1877 1501 1964 hystoriam,

471 2006 530 2072 pro
548 1985 649 2050 anima
661 1983 830 2075 prejlyteri
843 1985 985 2050 Iohannis
1001 1983 1039 2050 d'e
1052 1979 1161 2050 Tullia
1180 2006 1273 2071 orate,
1289 1985 1341 2071 qui
1355 1986 1409 2050 hoc
1423 2007 1503 2050 com·

469 2089 577 2180 posuit
601 2087 632 2156 b
660 2090 703 2157 ibi
723 2093 804 2180 fuit,
835 2088 1066 2178 &quecumque
1092 2094 1291 2181 contigerunt,
1322 2091 1502 2179 Christianis

468 2197 591 2288 scripfit
616 2197 646 2266 θ
672 2199 834 2267 denotavit.
850 2197 963 2268 'Nono
981 2194 1112 2265 decimo
1140 2193 1193 2264 die
1220 2193 1293 2289 post
1314 2196 1504 2290 captionem

352 2319 462 2364 nonu.
477 2323 568 2392 terre,
596 2304 631 2373 in
658 2301 710 2372 die
735 2303 852 2373 Sandie
869 2301 1002 2393 Cecilie,
1025 2324 1232 2398 perrexerunt
1257 2300 1430 2373 Christiani
1460 2299 1503 2372 ad

476 2408 623 2499 castrum,
641 2406 734 2504 quod
754 2407 870 2480 dicitur
885 2405 1107 2498 Thamifium3
1131 2432 1198 2478 erat
1214 2407 1303 2478 enim
1320 2408 1412 2479 fortis
1433 2410 1502 2479 Da·

476 2515 575 2584 miata
599 2517 633 2584 ὅ(
650 2514 753 2604 locus,
780 2512 835 2585 ubi
856 2515 948 2586 multi
970 2512 1120 2612 peribant
1140 2514 1317 2585 &nullum
1338 2517 1504 2613 Paganum

475 2617 521 2690 ibi
542 2622 743 2712 invenerunt,
770 2624 804 2691 ἃ
821 2621 995 2693 Christiani
1012 2618 1193 2692 habuerunt
1210 2645 1336 2692 metum
1359 2623 1394 2692 δι
1410 2647 1503 2718 puta·

475 2751 601 2818 verunt,
618 2727 705 2798 aliud
724 2726 798 2816 effe,
820 2755 920 2824 quam
940 2729 1001 2799 fuit
1017 2731 1052 2798 &
1069 2754 1127 2824 per
1143 2726 1226 2798 duos
1244 2726 1311 2798 dies
1324 2752 1400 2800 ante
1416 2728 1504 2801 aliud
1513 2742 1532 2792 f·
1545 2758 1580 2806 37·

352 2841 413 2885 Nov·
425 2853 462 2900 2³·
477 2834 614 2904 castrum
635 2836 789 2906 steterunt
806 2837 892 2906 &in
911 2835 963 2906 die
982 2837 1090 2907 saneti
1106 2835 1287 2907 Clementis
1304 2837 1389 2906 intus
1406 2838 1504 2908 intra-

477 2965 602 3032 verunt,
622 2945 657 3012 &
674 2940 779 3012 nullus
797 2943 943 3039 Paganus
962 2940 1008 3013 ibi
1023 2967 1124 3030 erant,
1142 2944 1178 3013 δι
1193 2939 1235 3012 hc
1251 2942 1424 3014 Christiani
1439 2941 1504 3014 fine

476 3071 583 3117 morte
601 3047 664 3119 ulla
684 3048 823 3120 castrum
838 3046 979 3137 Thamfij
996 3049 1111 3119 lucrati
1127 3049 1209 3120 sunt.

524 3153 705 3225 LVIII-LIX.
735 3159 767 3225 ln
786 3154 846 3224 hiis
870 3181 949 3227 vero
980 3151 1091 3226 diebus
1121 3179 1193 3226 orta
1221 3154 1266 3226 est
1295 3179 1418 3252 magna
1442 3152 1503 3226 dil·

477 3258 589 3330 cordia
606 3261 689 3332 inter
705 3261 852 3360 legatum
880 3264 915 3333 &
943 3288 1066 3361 regem,
1092 3285 1228 3358 propter
1249 3261 1340 3356 quod
1364 3287 1420 3334 rex
1447 3286 1503 3356 pe·

476 3361 564 3436 rebat
598 3363 783 3437 dominium
817 3367 963 3459 civitatis,
992 3369 1027 3438 &
1062 3367 1189 3466 legatus
1221 3368 1326 3440 noluit
1358 3369 1389 3438 ei
1423 3392 1503 3452 con·

476 3469 589 3542 cedere
616 3475 651 3544 δι
683 3497 819 3570 propter
851 3475 1045 3566 thesaurum,
1073 3472 1166 3570 quod
1193 3473 1326 3546 nolebat
1357 3473 1500 3562 reddere,

474 3579 508 3646 ἃ
531 3579 565 3649 in
587 3603 714 3650 tantum
729 3581 859 3651 intravit
878 3579 1038 3652 discordia
1053 3581 1137 3653 inter
1156 3581 1228 3652 illos
1245 3583 1280 3652 ὅ(
1297 3582 1381 3654 inter
1396 3607 1502 3654 totum

474 3685 660 3775 exercitum,
691 3685 782 3780 quod
808 3711 863 3758 rex
883 3689 1021 3760 armavit
1046 3711 1108 3758 tres
1137 3688 1257 3786 galeas,
1284 3689 1319 3758 &
1346 3685 1388 3759 de
1416 3715 1501 3760 exer-

474 3790 539 3860 citu
564 3789 702 3870 volebat
725 3791 886 3884 recedere,
911 3796 946 3865 δε
975 3819 1090 3864 omnes
1120 3795 1166 3866 sui
1199 3795 1327 3886 secum3
1356 3795 1422 3866 hoc
1456 3797 1501 3869 vi-

511 4015 521 4048 t
547 4001 603 4053 Cod.
620 4001 715 4067 praebet
733 4001 908 4054 MCCXVIII.
925 4032 959 4041 —
1018 4001 1205 4055 ‘uerbisiull'um
1218 3995 1500 4072 Romaeusqneadpor-

473 4095 488 4127 a
504 4079 533 4128 In
545 4077 625 4130 codice
637 4079 680 4130 hoc
690 4079 959 4150 locofalsosequuntur‚
1018 4081 1109 4133 tionem
1124 4083 1182 4134 dare
1196 4083 1305 4151 legimus.

472 4172 524 4230 quae
542 4157 685 4227 insequenti
698 4162 805 4227 pagina,
816 4161 864 4224 fol.
883 4179 923 4226 37,
941 4179 959 4211 a
