3462 5110
509 378 548 430 ru
567 377 765 430 oustorous
782 377 979 429 namara.
1190 374 1253 456 145

233 600 336 674 lhesus
363 599 511 674 -Chtistus
543 598 672 674 mistslet
698 601 834 700 angelos
851 601 925 672 suos
945 597 988 671 ad
1005 601 1117 671 turrim
1133 627 1256 700 expug-
1274 614 1332 663 1218

231 709 389 800 nandam,
418 736 560 807 quorum
576 713 693 782 timore
710 710 827 782 milites
852 707 989 805 predisli
1017 712 1128 780 turrim
1150 709 1258 781 Chris-

233 819 327 890 tianis
353 816 565 910 tradiderunt,
595 818 685 890 miles
711 841 821 889 autem
844 817 897 888 ille
922 817 957 886 in
982 813 1141 888 flammeis
1163 818 1259 888 armis

234 923 326 1020 quod
346 923 424 1021 esset
441 927 555 996 Beatus
571 926 806 1015 bartolomeus,
824 925 881 1020 qui
897 925 994 995 etiam
1009 925 1113 994 rursus
1130 925 1174 994 eis
1192 947 1260 994 tan-

234 1057 334 1128 quam
363 1033 543 1104 excoriatus
572 1035 729 1130 apparuit.
756 1032 941 1102 Confestim
968 1033 1067 1130 igitur
1095 1032 1260 1128 fregerunt

234 1163 362 1210 catenas
381 1141 589 1236 &ceperunt
606 1142 767 1238 navigare.
793 1141 911 1237 Pagani
933 1163 1042 1210 autem
1060 1167 1078 1210 e
1095 1142 1259 1210 contrario

233 1245 469 1318 submerserunt
493 1273 591 1319 naves
615 1248 697 1338 suas,
726 1273 779 1318 eas
804 1273 881 1317 cum
898 1244 1059 1342 lapidibus
1077 1270 1258 1336 onerantes,

233 1356 267 1423 ὅ(
284 1377 362 1424 cum
386 1382 450 1426 una
477 1354 529 1426 die
554 1380 614 1427 nos
632 1352 841 1427 voluissemus
859 1356 1024 1452 navigate,
1052 1351 1195 1448 quedam
1218 1351 1260 1422 de

107 1481 125 1528 f.
140 1481 185 1540 17⁶
198 1479 220 1526 b.
233 1459 369 1533 navibus
387 1462 500 1532 nostris
517 1460 676 1533 submetse
693 1463 774 1534 sunt.

286 1683 427 1775 Qualiter
445 1685 611 1770 Christiani
621 1684 734 1772 primo,
754 1680 920 1770 aliquantis
930 1682 1057 1771 suorum
1076 1684 1107 1748 ia
1125 1684 1210 1770 aquis

347 1790 517 1884 submerfis,
537 1790 573 1857 de
584 1795 687 1882 prima
704 1791 934 1857 sarracenorum
952 1787 1136 1880 aggtefflotte

621 1901 878 1989 triumphaverint.

283 2109 356 2179 Atia
366 2132 479 2180 autem
492 2108 544 2179 die
559 2108 730 2205 templarii,
748 2109 894 2181 volentes
907 2110 1036 2183 transire
1048 2110 1171 2186 flumen
1185 2141 1260 2184 cum

234 2218 310 2290 navi
325 2217 394 2303 sua,
413 2243 432 2287 a
449 2240 548 2288 vento
568 2217 611 2286 eis
633 2218 797 2290 contrario
816 2219 952 2312 proiecli
969 2219 1041 2289 sunt
1058 2245 1133 2292 ante
1149 2245 1261 2292 muros

235 2325 382 2414 civitatis,
409 2349 492 2418 quos
514 2325 679 2396 Sarraceni
705 2349 781 2393 cum
798 2322 941 2395 barbotis
959 2327 1019 2396 suis
1037 2328 1261 2400 circumdede-

234 2455 331 2520 runt3
356 2429 530 2501 Christiani
549 2454 669 2520 autem,
688 2429 720 2500 se
738 2429 960 2520 defendentes,
981 2434 1101 2505 multos
1117 2437 1262 2536 Pagano

235 2564 307 2608 rum
329 2534 530 2609 occiderunt.
554 2536 617 2609 Sed
643 2536 800 2626 videntes,
830 2537 919 2609 nullo
945 2539 1050 2611 modo
1076 2541 1213 2615 evadere
1229 2546 1262 2617 se

234 2641 338 2740 posse,
354 2643 503 2714 ,fecerunt
522 2647 660 2738 passum.
672 2667 749 2712 cum
766 2645 820 2715 eis.
845 2644 992 2716 Centum
1009 2672 1119 2719 autem
1136 2649 1202 2720 sere
1220 2649 1262 2720 de

235 2751 369 2848 Paganis
395 2774 431 2820 ut
454 2749 714 2822 Christianorum
741 2750 955 2823 ascenderunt
978 2778 1127 2847 coccam,
1153 2755 1261 2829 Chris-

236 2859 314 2928 tiani
331 2856 461 2928 inferius
477 2857 642 2953 fregerunt
658 2884 741 2948 eam,
759 2859 793 2928 δε
805 2856 956 2930 submersi
973 2861 1045 2932 sunt
1062 2885 1130 2933 tam
1142 2864 1262 2961 Pagani

237 2989 337 3058 quam
362 2961 536 3036 Christiani
554 2987 681 3052 omnes,
708 2965 764 3058 qui
785 2961 831 3034 ibi
846 2963 992 3056 aderant,
1014 2993 1091 3038 cum
1108 2993 1263 3064 quattuor

236 3067 436 3141 barbatis&
465 3067 559 3166 galea
586 3095 661 3161 una,
694 3072 729 3141 &
757 3072 803 3142 ita
832 3097 902 3142 non
926 3071 1115 3146 valebamus
1139 3073 1261 3148 flumen

236 3174 373 3249 transre.
714 3263 716 3269 Ι

281 3283 337 3355 .V1.
356 3284 462 3374 Tunc,
487 3281 596 3356 divitia
618 3285 794 3380 inspirante
817 3289 937 3384 gracia,
959 3285 1112 3358 dominus
1137 3288 1262 3386 legatus

236 3390 392 3486 applicuit
409 3409 485 3462 cum
502 3393 650 3488 principe
668 3392 904 3463 Romanorum.
932 3390 1057 3464 Videns
1073 3417 1184 3465 autem
1201 3394 1261 3466 do-

237 3499 343 3568 minus
361 3499 498 3596 legatus,
516 3496 608 3593 quod
625 3524 695 3568 non
715 3495 913 3570 habebamus
929 3497 1058 3569 firmam
1075 3523 1203 3592 terram,
1228 3505 1263 3572 δ(
1340 3523 1351 3546 ·

237 3601 428 3676 tenebamur
449 3604 515 3674 loci
532 3604 732 3694 difficultate,
755 3629 797 3676 ne
813 3603 1077 3701 procederemus,
1095 3608 1262 3702 captivita-

237 3733 303 3782 tem
317 3710 414 3783 valde
433 3710 615 3783 condoluit.

284 3817 350 3889 Vll.
367 3816 513 3890 Audiens
526 3842 636 3890 autem
645 3845 699 3890 tex
708 3818 824 3916 ligipti,
834 3816 937 3914 quod,
949 3843 1057 3914 neque
1065 3842 1124 3913 per
1131 3844 1263 3913 aquam,

238 3949 343 4018 neque
351 3923 578 4020 permanendo
590 3927 624 3996 in
634 3922 756 4014 sabulo,
771 3927 815 3996 eis
824 3924 924 3995 nichil
935 3950 1055 3996 nocere
1065 3949 1264 4020 poteramus,

239 4053 315 4102 cum
347 4028 497 4105 univerfis
524 4032 704 4103 sarracenis
735 4030 795 4102 suis
823 4032 980 4128 cogitavit
1006 4030 1164 4103 destruere
1191 4055 1262 4101 nos.

1078 4181 1107 4232 ¹9
