3466 5110
432 363 471 414 12
821 357 1038 410 ORDINACIO

432 481 826 492 —fflffl

425 610 443 653 e
463 581 628 652 contrario
655 577 768 650 habuit
792 605 882 650 arma
904 580 960 650 sua
984 576 1142 650 debiliora
1168 579 1314 667 exterius,
1332 579 1453 652 scilicet

425 715 568 776 carnem,
586 690 620 757 ἃ
638 686 780 756 forciota
796 687 937 773 interius,
957 683 1075 756 scilicet
1093 683 1259 777 deitatem,
1281 712 1344 781 que
1362 685 1455 758 latuit

426 795 481 866 sub
500 822 607 867 carne.

476 909 568 975 Item:
596 900 745 999 Quando
764 900 826 972 Eva
843 903 969 997 accepit
987 927 1127 998 pomum
1144 899 1186 971 de
1207 900 1314 998 lign0,
1345 897 1455 971 clausit

425 1037 562 1081 manum
590 1011 681 1079 luam
709 1009 815 1079 versus
846 1008 985 1105 lignum,
1016 1007 1159 1079 Christus
1183 1035 1201 1078 e
1226 1009 1391 1078 contrario
1419 1010 1454 1078 in

426 1143 521 1187 cruce
553 1114 720 1188 avertebat
750 1141 865 1185 manus
896 1116 965 1186 suas
988 1115 1120 1212 aligno
1142 1118 1176 1185 ὃς
1200 1140 1315 1185 manus
1344 1114 1456 1186 habuit

427 1247 563 1320 apertas,
584 1247 618 1292 ut
631 1224 756 1313 innuat,
774 1220 865 1317 quod
879 1219 1036 1292 debemus
1050 1245 1193 1293 avertere
1205 1246 1320 1293 manus
1334 1223 1456 1292 nostras

385 1361 389 1367 ’
426 1329 549 1402 atebus
563 1328 747 1425 prohibitis,
760 1356 819 1426 per
828 1354 968 1424 pomum
982 1353 1091 1399 autem
1104 1324 1301 1426 significatur
1314 1327 1457 1425 qualibet

364 1469 370 1490 ·
427 1464 475 1508 res
493 1436 665 1534 prohibita.

476 1550 568 1615 Item:
591 1543 737 1615 Christus
759 1546 794 1614 in
817 1571 912 1615 cruce
929 1544 1065 1615 inclinat
1086 1546 1117 1615 se
1140 1542 1184 1615 ad
1207 1544 1355 1616 osculum
1377 1543 1456 1614 offe·

428 1678 499 1723 tens
522 1676 639 1746 pacem
662 1653 837 1746 peccatori,
862 1650 975 1722 dilatat
999 1649 1131 1722 brachia
1152 1653 1185 1722 in
1205 1677 1299 1723 cruce
1321 1650 1365 1722 ad
1385 1678 1456 1722 am-

428 1758 568 1853 plexum.
588 1758 676 1827 Dicit
697 1758 785 1827 enim
806 1788 822 1820 tr
843 1762 936 1851 ¹Non
959 1765 1027 1828 veni
1048 1786 1154 1829 vocare
1173 1765 1263 1852 iustos
1275 1762 1336 1854 sed
1349 1786 1456 1852 pecca·

426 1891 506 1935 tores
525 1896 543 1927 u
566 1861 667 1960 (Luc,
684 1884 719 1953 v,
740 1867 813 1960 32),
831 1867 865 1934 ὅ(
883 1862 959 1935 alibi
976 1863 1066 1954 dicit,
1090 1897 1108 1928 <t
1129 1868 1249 1936 Maius
1261 1869 1406 1961 gaudium
1425 1870 1455 1933 in
1470 1877 1563 1925 Af·⁶0
1574 1896 1595 1938 a,
1607 1895 1626 1925 c·
1638 1893 1659 1924 2·

426 2000 519 2067 regno
538 1974 596 2041 celi
612 1975 706 2066 juper
723 1999 780 2040 uno
796 1997 955 2063 peccatore
975 2002 993 2033 u
1013 1973 1116 2065 (Luc,
1139 1991 1202 2063 xv,
1223 1976 1272 2065 7).
1294 1975 1455 2069 Apertum

429 2081 472 2150 est
489 2079 556 2148 eius
572 2077 655 2148 latus
672 2075 715 2146 ad
736 2076 952 2173 operiendum
969 2079 1035 2148 eius
1054 2079 1220 2149 secretum.

475 2191 568 2256 Item:
587 2184 709 2256 Unicus
724 2184 784 2253 fuit
797 2184 906 2256 clavus
920 2182 1043 2254 defixus
1056 2188 1090 2255 ἃ
1103 2183 1271 2256 transfixus
1284 2211 1342 2282 per
1355 2186 1456 2284 pedes

428 2292 556 2379 Christi,
583 2293 657 2386 quia
682 2317 739 2386 pet
761 2289 861 2386 pedes
883 2289 1078 2386 significatur
1099 2317 1230 2387 corpus,
1259 2294 1350 2389 quod
1368 2321 1457 2366 nunc

428 2398 501 2489 huc,
519 2423 607 2469 nunc
619 2398 695 2468 illuc
708 2399 850 2485 vertitur,
874 2396 952 2468 ficut
965 2397 1065 2493 pedes
1082 2422 1171 2469 nunc
1183 2398 1259 2492 huc,
1277 2426 1365 2472 nunc
1381 2402 1457 2475 iiluc

428 2507 536 2576 ferunt
553 2530 681 2600 corpus.
714 2504 863 2574 Dileccio
882 2530 998 2575 aucem
1016 2506 1120 2595 unius,
1138 2505 1257 2576 scilicet
1275 2509 1349 2598 Dei,
1368 2511 1457 2604 prin-

427 2612 574 2709 cipalitet
598 2610 696 2682 debet
717 2608 781 2681 esse
799 2613 833 2681 in
859 2610 970 2702 corde,
1001 2614 1035 2682 ὅ(
1056 2609 1133 2682 ideo
1156 2613 1268 2683 unicus
1290 2615 1399 2688 clavus
1424 2619 1456 2689 in

427 2717 564 2815 pedibus
583 2719 654 2810 fuit,
672 2721 729 2814 qui
746 2744 804 2788 cot
817 2716 985 2815 significat,
1004 2719 1038 2787 in
1056 2743 1124 2812 quo
1138 2720 1182 2788 est
1199 2721 1311 2790 caritas
1329 2748 1405 2814 una,
1423 2726 1457 2794 in

428 2851 493 2920 qua
510 2850 575 2894 una
592 2823 770 2895 fundantur
787 2849 902 2895 omnes
922 2825 984 2895 alie
996 2826 1137 2896 virtutes.
1160 2826 1248 2897 Sicut
1262 2829 1351 2899 enim
1364 2831 1457 2902 multi

427 2932 508 3002 tami
529 2957 569 3002 ex
595 2957 660 3003 una
686 2931 793 3003 radice
818 2931 994 3029 prodeunt,
1021 2928 1063 3000 stc
1085 2935 1119 3002 ὃς
1141 2932 1243 3004 multe
1263 2935 1395 3007 virtutes
1419 2963 1457 3008 ex

429 3065 494 3109 una
522 3039 653 3108 caritate
687 3037 867 3134 prodeunt,
902 3063 966 3133 que
1000 3037 1106 3108 defixa
1136 3039 1179 3108 est
1208 3041 1242 3110 in
1276 3041 1387 3116 corde.
1423 3049 1455 3114 in

428 3143 657 3241 defignacione
674 3147 772 3244 igitur
795 3147 888 3217 unius
910 3147 1049 3216 caritatis
1070 3145 1130 3217 fuit
1151 3149 1264 3218 unicus
1292 3149 1402 3222 clavus
1423 3152 1456 3223 in

428 3249 575 3349 pedibus.
1179 3343 1181 3345 Ι

477 3365 569 3430 Item:
600 3362 655 3431 Pet
680 3386 796 3432 manus
822 3359 1039 3458 significantur
1065 3384 1177 3455 opera,
1207 3365 1284 3458 quia
1305 3364 1455 3438 manibus

429 3493 613 3564 operamur,
635 3466 723 3538 unde
745 3467 812 3538 duo
832 3469 962 3539 fuerunt
978 3467 1062 3537 clavi
1082 3467 1115 3536 in
1133 3468 1282 3540 manibus
1301 3471 1344 3543 ad
1361 3469 1456 3572 signi·

428 3572 606 3662 ficandum,
628 3574 724 3676 quod
739 3574 806 3646 duo
825 3573 946 3646 debent
965 3571 1029 3644 effe
1048 3598 1149 3669 opera
1167 3576 1274 3648 nostra
1287 3575 1387 3672 bona,
1405 3581 1456 3652 vel
1518 3597 1520 3608 “

428 3681 461 3751 in
478 3682 545 3751 vita
562 3683 677 3772 adita,
695 3683 746 3753 vel
763 3681 1028 3778 contemplativa.

478 3791 578 3858 ltem:
607 3790 777 3859 Ternatius
792 3789 852 3860 fuit
881 3789 1049 3860 clavorum
1079 3789 1112 3858 in
1139 3787 1369 3888 defignacione
1385 3795 1455 3865 Tri-

428 3917 547 3964 nttatts.

478 4006 578 4072 Item:
606 4004 769 4073 Dominus
791 4006 826 4073 in
847 4029 942 4074 cruce
965 4004 1133 4078 inclinavit
1157 4007 1189 4076 se
1215 4003 1258 4076 ad
1283 4030 1401 4077 tetram
1421 4009 1456 4077 &

429 4108 545 4185 direxit
560 4111 594 4184 in
611 4132 729 4184 tetram
746 4111 849 4185 visum
865 4110 907 4186 ad
922 4110 1181 4216 significandum,
1202 4112 1295 4214 quod
1311 4115 1379 4215 ipse
1394 4115 1456 4190 fuit
