3462 5110
464 331 512 406 60
747 349 797 402 ne
822 349 981 402 strueres.
1006 351 1208 405 rmsorsuu.

378 604 435 651 1217
463 597 516 642 ere
529 567 718 666 perturbato
731 593 865 667 propter
878 568 946 641 dies
958 569 1168 641 interlunares
1192 570 1319 668 semper
1334 571 1492 668 navigan·
1503 609 1523 642 e
1535 595 1575 642 2⁶.

463 676 548 749 tibus
565 676 740 774 suspeslos,
767 700 879 747 comes
904 674 946 747 de
962 676 1087 748 Wetha
1107 677 1212 750 ventis
1237 675 1441 749 suadentibus
1459 678 1491 750 se

463 785 546 854 mari
562 779 725 853 commisit
741 806 817 852 curn
831 781 940 852 multis
956 779 1101 854 navibus.
1120 779 1250 881 Quibus
1263 806 1363 855 vento
1381 809 1491 880 oppo-

462 886 532 979 srto,
555 885 735 960 nebulis&
757 885 861 958 imbre
882 885 1027 979 disreelis,
1053 913 1118 959 una
1140 891 1174 959 in
1199 889 1351 986 scopulos
1377 888 1492 961 incidit

462 994 634 1086 Britannis,
662 1018 726 1090 que
745 992 837 1067 salvis
863 992 1050 1067 hominibus
1068 1020 1144 1066 cum
1158 1009 1168 1041 ¹
1182 995 1285 1066 multa
1302 1022 1411 1066 rerum
1427 997 1491 1068 iac·

351 1119 400 1165 lun·
412 1131 434 1180 s·
463 1125 534 1173 tura
551 1098 697 1199 deperiit.
719 1100 790 1170 Nos
810 1101 909 1198 igitur
932 1101 1079 1197 sequenti
1099 1100 1151 1173 die
1172 1128 1249 1173 cum
1266 1104 1390 1174 comite
1406 1103 1491 1174 Hol-

350 1235 400 1280 us.
412 1248 433 1293 7.
460 1205 571 1280 landie
584 1208 786 1278 Britanniam
798 1206 1012 1300 advertentes,
1025 1233 1140 1304 quarta
1153 1209 1231 1280 seria
1242 1233 1376 1307 portum
1384 1210 1493 1281 saneti

462 1315 598 1387 Matthei
614 1318 791 1414 attigimus,
808 1314 865 1387 ubi
877 1314 1021 1388 secundo
1034 1316 1181 1414 perleslis
1198 1315 1493 1412 constitutionibus,

463 1446 550 1494 totus
575 1421 695 1493 eisdem
719 1421 844 1521 legibus
865 1422 1026 1496 servandis
1043 1422 1075 1494 se
1092 1423 1233 1494 astrinxit
1249 1423 1413 1495 exercitus.
1440 1426 1494 1497 Se-

351 1547 402 1594 tun.
416 1559 451 1593 n.
464 1530 576 1625 quenti
592 1554 669 1601 vero
691 1527 745 1600 die
766 1529 938 1600 dominico
960 1531 1090 1602 mutatis
1107 1526 1259 1600 custodiis
1277 1531 1391 1601 comiti
1407 1531 1492 1602 Hol-

463 1633 573 1707 landie
602 1634 800 1731 preducatus
826 1639 860 1707 δι
888 1626 1057 1707 marscallo
1075 1632 1267 1708 Coloniensi
1282 1632 1493 1733 postducatus

463 1743 687 1814 committitur.
694 1744 826 1814 Portum
834 1744 944 1814 Sansli
953 1742 1074 1814 Mathei
1089 1744 1250 1838 liquentes
1260 1741 1407 1839 aquiloni
1420 1743 1493 1815 vela

461 1848 652 1939 laxavimus,
677 1850 733 1945 qui
758 1847 971 1922 Ulivibonam
999 1845 1207 1922 tendentibus
1234 1874 1311 1920 cum
1338 1848 1493 1921 omnibus

463 1955 523 2026 suis
546 1954 782 2026 collateralibus
804 1957 848 2027 est
867 1956 962 2028 utilis.
988 1957 1103 2028 Ventis
1124 1958 1234 2051 itaque
1252 1956 1412 2052 prosperis
1437 1955 1493 2027 sed

350 2079 399 2125 run.
413 2080 448 2126 rs.
461 2063 558 2133 nimis
573 2059 700 2134 lenibus
717 2061 772 2152 us,
789 2063 876 2134 sexta
892 2062 972 2134 seria
987 2064 1138 2160 proxima
1154 2061 1251 2134 Phare
1273 2063 1492 2159 pervenimus,

462 2167 554 2262 quod
583 2169 628 2239 est
660 2166 824 2267 oppidum
851 2169 979 2240 Calicie
1008 2167 1099 2240 dives
1128 2167 1324 2260 admodum,
1357 2193 1493 2265 portum

461 2272 583 2347 habens
600 2274 792 2366 flexuosum,
809 2299 894 2346 turre
910 2272 1038 2345 sublimi
1049 2273 1233 2373 prefignata
1246 2301 1265 2348 a
1280 2274 1358 2346 lulio
1373 2275 1491 2350 Cesare
1504 2308 1526 2353 r·
1537 2305 1592 2353 479·

346 2405 396 2451 run.
413 2417 448 2463 17.
461 2383 654 2454 construsla.
671 2380 816 2454 Navibus
834 2384 944 2478 itaque
960 2383 994 2452 in
1008 2405 1080 2452 tuto
1094 2380 1263 2479 dispositis,
1279 2382 1426 2477 sequenti
1438 2383 1491 2456 die

461 2489 567 2561 versus
580 2489 843 2587 Compostellam
860 2491 918 2561 iter
935 2513 1110 2586 arreptum,
1127 2515 1186 2586 per
1204 2487 1293 2561 diem
1309 2492 1344 2559 &
1358 2494 1492 2564 nossem

461 2597 617 2668 continue
640 2594 837 2689 laborantes,
865 2598 918 2668 vix
937 2596 1149 2668 confecimus.
1176 2594 1274 2670 Unde
1289 2597 1363 2693 post
1380 2597 1492 2670 oblata

461 2705 537 2774 Deo
552 2701 701 2775 &beato
719 2701 871 2800 apostolo
888 2701 1042 2774 sacrificia
1058 2701 1182 2791 reversi,
1206 2729 1266 2800 per
1283 2728 1406 2777 novem
1423 2703 1492 2774 dies

460 2812 565 2882 ventis
584 2807 742 2906 oppositis
761 2810 858 2881 Phare
878 2811 988 2881 sumus
1006 2806 1138 2880 detenti.
1160 2811 1302 2882 Hortatu
1320 2811 1418 2908 igitur
1436 2837 1491 2882 co-

461 2917 548 2987 mitis
565 2915 755 3007 Hollandie,
783 2918 841 3013 qui
861 2915 903 2988 ab
923 2917 1038 2988 incolis
1056 2914 1224 3004 didicerat,
1256 2915 1349 3012 quod
1371 2915 1412 2988 ab
1434 2917 1491 2988 illo

460 3049 559 3123 portu
577 3027 681 3099 ventis
694 3024 907 3098 Ulixibonam
918 3039 932 3070 2
944 3022 1120 3095 serentibus
1130 3024 1215 3096 exire
1232 3049 1301 3094 non
1315 3021 1491 3120 possemus,

460 3134 567 3207 versus
581 3133 782 3204 britanniam
799 3130 842 3203 ad
855 3132 949 3202 unius
967 3131 1098 3202 miliaris
1116 3131 1354 3202 estimationem
1367 3129 1490 3219 revers,

461 3264 597 3338 portum
610 3241 788 3336 optimum,
808 3264 908 3335 quem
922 3238 986 3308 Tui
998 3251 1010 3297 ³
1024 3235 1148 3328 dicunt,
1163 3239 1248 3309 inter
1261 3236 1344 3310 duos
1361 3263 1491 3310 montes

463 3373 575 3419 aereos
590 3347 818 3445 complicitum
836 3347 1033 3446 intravimus.
1045 3346 1080 3426 A
1092 3340 1161 3439 quo
1174 3347 1209 3416 in
1223 3345 1304 3416 sesto
1323 3345 1490 3443 apostolo-

350 3475 401 3523 tun.
412 3488 450 3535 η.
463 3480 534 3526 rum
551 3456 631 3526 Petri
646 3456 681 3524 &
699 3454 785 3524 Pauli
801 3451 967 3551 progressi,
992 3453 1097 3524 ventis
1121 3449 1320 3526 instabilibus
1345 3479 1405 3548 per
1429 3477 1491 3524 tres

463 3560 531 3632 dies
554 3564 719 3634 &nosses
743 3561 854 3632 iaslati
876 3561 911 3630 in
939 3555 1102 3649 slusiibus,
1126 3583 1242 3655 quarto
1267 3557 1321 3630 die
1339 3560 1491 3658 Portuga·

461 3668 540 3740 liam
564 3669 780 3764 pervenimus.
805 3668 872 3738 Hic
898 3691 1012 3764 portus
1037 3662 1185 3736 faucibus
1209 3665 1284 3736 artis
1303 3667 1338 3735 &
1355 3663 1490 3738 obieslis

499 3903 509 3934 1
535 3883 643 3952 Raperita
659 3885 827 3952 sequebantur
844 3881 945 3933 verba:
1041 3889 1219 3956 zSequebatur
1232 3887 1400 3952 tendentibus,
1406 3887 1490 3954 statim

461 3963 544 4016 multis
558 3965 663 4016 navibus
677 3964 766 4034 quibus
776 3975 851 4015 vento
864 3977 945 4030 oppo-
998 3967 1160 4035 suppuntium
1172 3969 1234 4020 inA.
1244 3998 1276 4008 —
1285 3969 1392 4035 3A.tuj,·
1402 3987 1490 4022 manus

461 4042 644 4199 {rtmssdlrinelq
660 4043 894 4114 transdussastatt'm
902 4046 944 4100 de·
998 4046 1112 4120 ficuaeda
1132 4047 1158 4104 in
1170 4065 1250 4122 marg.
1261 4047 1361 4122 scripsit
1371 4049 1432 4106 Tvi.

471 4135 510 4184 cta
535 4136 579 4177 unt
589 4143 614 4177 tn
646 4163 651 4185 ,
