3466 5110
454 369 761 425 CRUCIGERORUM
786 371 1070 426 RHENANORUM.
1219 375 1265 453 39

234 589 363 683 accidit,
386 614 422 662 ut
437 593 473 662 in
486 589 685 664 'Ascenfione
699 593 850 683 Domini,
867 593 1002 688 quando
1017 606 1026 639 ¹
1040 619 1138 665 naves
1153 593 1267 692 'egredi
1283 591 1385 712 ,3¹24

236 696 411 788 debebant,
424 724 524 796 prout
540 702 733 790 iuraverant,
750 727 789 771 ex
801 701 963 797 insperato
978 701 1095 800 viginti
1107 725 1168 772 tres
1184 727 1265 800 cog-

234 831 339 904 gones
355 803 585 901 subsequentes
602 805 814 904 applicarent.

283 913 382 983 Porro
401 939 478 984 cum
501 914 651 1004 maiores,
677 938 753 984 cum
780 913 873 1011 ligno
904 914 1012 985 santie
1037 917 1138 986 crucis
1154 942 1265 1012 prece·

236 1020 349 1092 dentes
368 1021 641 1119 congregacionis
656 1019 770 1091 locum
788 1019 877 1116 apud
890 1021 1078 1092 Distridlum
1093 1023 1265 1114 servarent,

20 1153 53 1207 n,
63 1166 83 1209 p.
93 1151 149 1206 228,
166 1167 188 1195 c.
200 1165 221 1197 1.
236 1125 348 1198 claffes
362 1129 529 1199 minorum
547 1131 582 1197 ἃ
594 1127 777 1219 humilium,
793 1127 922 1199 Chrillo
934 1142 949 1174 2
960 1127 1054 1220 duce,
1076 1131 1265 1201 Damiatam

235 1235 319 1306 infra
336 1233 481 1306 triduum
504 1234 742 1331 applicuerunt,
762 1234 1051 1324 &mimmdielq
1071 1238 1127 1332 qui
1144 1236 1265 1308 tardius

234 1341 355 1412 Achon
372 1369 392 1412 a
410 1365 504 1441 tergo
521 1340 727 1437 reliquerant,
756 1336 814 1437 per
832 1339 911 1411 duas
931 1339 1068 1436 quidam
1084 1341 1265 1415 hebdoma-

234 1446 291 1518 das
310 1448 444 1544 quidem
463 1451 498 1519 ἃ
514 1449 620 1544 supra,
638 1448 739 1544 aliqui
758 1447 862 1519 eciam
878 1474 937 1544 per
954 1450 1110 1540 mensem,
1128 1449 1180 1522 vel
1194 1477 1264 1522 am-

232 1553 316 1650 plius
333 1557 415 1627 mari
432 1556 503 1626 sunt
520 1554 654 1646 detenti,
680 1555 830 1626 Domino
848 1579 958 1625 autem
975 1553 1146 1626 humilium
1165 1557 1263 1629 affec·

234 1685 304 1732 tum
326 1661 496 1758 dirigente,
514 1662 656 1733 frisones
673 1666 708 1732 ἃ
725 1662 922 1733 Theutonici
944 1687 1020 1731 cum
1038 1662 1107 1734 aliis
1125 1690 1263 1737 numero

231 1769 343 1864 paucis
364 1793 482 1840 tetram
497 1764 652 1839 audatier
666 1766 900 1840 conscendunt.
924 1770 1054 1866 Pagani,
1072 1771 1186 1842 nostris
1204 1769 1263 1844 ob-

229 1878 365 1966 viantes,
375 1876 541 1946 frisonicis
551 1898 712 1947 corruunt
719 1875 799 1966 telis,
808 1877 984 1971 ceterisque
996 1876 1262 1975 viriliterrepulhs

230 1985 370 2054 tentoria
386 1984 470 2053 inter
486 2009 576 2053 mare
590 1986 625 2052 ἃ
636 1981 748 2053 Nilum
767 1980 987 2055 decentissime
1005 1983 1079 2053 sunt
1095 1983 1258 2058 ordinata.

24 2105 59 2158 v,
73 2103 152 2162 csso,
162 2119 215 2152 c-1·
279 2091 446 2182 Damiata,
471 2089 579 2179 idest,
604 2091 756 2162 omnium
781 2091 951 2162 civitatum
972 2089 1087 2187 Egypti
1114 2090 1262 2184 domina,

228 2202 262 2270 in
279 2200 349 2294 ripa
365 2197 537 2268 Niliiurrta
564 2223 653 2269 mare
671 2223 832 2296 magnum
858 2199 893 2267 in
910 2195 1013 2267 insula
1030 2199 1134 2268 immo
1152 2199 1261 2295 super-

228 2303 369 2376 floridas
394 2305 438 2376 est
460 2303 525 2376 stta.
545 2305 619 2376 Hec
632 2307 730 2402 pratis
756 2306 884 2401 semper
900 2301 1087 2396 vitentibus,
1105 2305 1206 2376 hortis
1222 2334 1262 2380 ac

227 2411 394 2511 pomeriis,
421 2411 538 2509 palmis
564 2410 792 2484 &arboribus
818 2407 1016 2482 nobilissimis
1042 2411 1260 2509 iocundatur3

228 2521 312 2592 muri
347 2519 483 2592 civitatis
507 2521 642 2591 turrium
662 2517 852 2590 fortitudine
881 2516 1099 2614 superbientes
1137 2519 1260 2594 fossatis

227 2653 267 2698 ac
292 2625 397 2700 fluviis
425 2630 733 2728 circumcinguntur.
755 2625 873 2697 Versus
893 2624 1110 2718 occidentem,
1129 2625 1184 2698 ubi
1201 2657 1261 2727 per

228 2733 339 2804 Nilum
366 2735 523 2831 prestatur
546 2733 664 2827 aditus,
687 2759 748 2830 pro
775 2730 908 2803 custode
929 2733 964 2803 in
990 2731 1101 2802 medio
1118 2732 1260 2808 fluminis

228 2840 322 2912 huius
337 2839 440 2937 posrta
457 2844 501 2913 est
518 2846 621 2931 turris,
640 2866 705 2937 que
719 2840 816 2912 clavis
835 2838 987 2909 Damiate
1001 2841 1035 2908 ὅ(
1049 2864 1145 2935 porta
1161 2846 1260 2916 totius

228 2947 342 3046 Egypti
355 2949 461 3044 potest
472 2951 671 3045 nuncupati3
689 2975 767 3019 nam
780 2973 876 3018 muro
890 2948 1025 3020 civitatis
1038 2948 1081 3019 ad
1094 2948 1179 3020 hanc
1195 2973 1259 3020 tut·

228 3057 289 3125 rim
307 3055 446 3126 cathena
469 3055 581 3126 Nilum
599 3055 752 3127 claudens
769 3053 984 3152 protendimr,
1003 3080 1067 3150 que
1083 3055 1157 3125 solis
1175 3082 1259 3128 mer-

229 3161 403 3252 catoribus,
422 3162 464 3233 ad
481 3161 674 3259 replendam
691 3163 853 3260 Egyptum
872 3161 1102 3250 festinantibus,
1121 3161 1259 3259 adessu·

229 3267 356 3342 sionem
373 3270 517 3342 thelonei
533 3270 627 3342 solita
643 3271 687 3342 est
706 3273 831 3367 aperiri.

414 3511 467 3580 Vl.
487 3513 537 3579 ‘De
556 3497 779 3605 expugnatione
796 3520 888 3583 turris
908 3519 1062 3582 Damiate.

277 3693 536 3768 Advenientibus
549 3720 660 3767 autem
676 3697 869 3793 patriarcha,
887 3725 964 3797 rege
975 3701 1011 3769 δι
1022 3696 1105 3770 duce
1122 3697 1258 3789 Austrie,

21 3827 83 3889 n.,p.
94 3830 146 3887 228,
157 3845 176 3876 e
191 3843 211 3875 ι.
227 3805 262 3873 in
279 3801 394 3874 divino
420 3799 531 3874 labore
548 3801 694 3900 glorioso
713 3827 828 3876 contra
845 3808 958 3876 turrim
975 3811 1080 3876 eretie
1097 3806 1170 3876 sunt
1187 3830 1257 3874 ma-

225 3909 332 4001 chine,
358 3911 545 4007 petraria&
560 3909 730 4004 trabucoli,
748 3913 804 3984 sed
821 3913 882 3984 hec
898 3917 1011 3986 omnia
1023 3915 1076 3987 vix
1089 3911 1257 4010 pulverem

264 4107 273 4139 r
291 4089 322 4140 V.
336 4087 509 4157 procedentes.
521 4109 577 4140 —-2
590 4091 618 4141 V.
630 4089 713 4142 Chris·
813 4109 825 4155 3
847 4093 875 4144 V.
894 4092 923 4143 ὅ
939 4093 965 4143 B.
989 4090 1071 4160 legunt
1091 4076 1256 4160 temporeve!

223 4167 300 4220 tiano.
768 4169 856 4237 fietile,
868 4173 932 4240 quod
942 4170 1007 4223 nihil
1018 4170 1097 4226 valet.
