3466 5110
462 342 508 442 36

389 605 448 652 1217
459 585 642 682 penuriam,
672 607 736 680 que
763 579 821 654 nisr
848 579 1036 656 abbreviata
1061 580 1175 671 fuisset,
1206 582 1322 656 hiemis
1339 584 1491 682 asperitas

460 717 561 788 quarn
577 691 735 788 plurimos
751 686 940 762 extinxisfet.

385 824 445 870 1218
507 798 578 868 Post
600 796 663 869 hec
686 797 806 868 milicia
829 793 1023 892 quadrifarie
1040 795 1157 889 divisa3
1183 823 1238 870 rex
1257 799 1413 896 Ungarie,
1435 821 1638 883 l'eXB.‚p.226,
1653 840 1699 872 er.

459 905 573 1001 Cypri,
588 929 609 975 a
621 904 804 1001 patriarcha
815 906 850 975 ὃς
861 900 1078 975 nobilioribus
1091 903 1167 975 licet
1174 905 1288 976 frustra
1299 902 1343 976 ad
1354 930 1491 977 manen-

459 1010 540 1082 dum
558 1012 695 1103 invitati,
717 1037 793 1081 cum
811 1037 937 1109 magna
954 1034 1047 1109 parte
1065 1013 1221 1083 exercitus
1237 1011 1401 1108 Tripolim
1417 1013 1491 1084 sunt

373 1175 374 1180 1
460 1119 611 1215 profeeli,
642 1115 697 1190 ubi
722 1115 860 1188 modico
886 1118 959 1213 post
986 1142 1137 1215 ternpore
1166 1119 1272 1216 Cypri
1301 1117 1490 1192 adolescens

460 1249 606 1299 mortuus
623 1225 675 1298 est.
693 1224 767 1296 Alia
783 1249 857 1321 pars
875 1225 1042 1318 exercitus,
1058 1225 1136 1324 gule
1148 1224 1341 1320 deserviens,
1363 1254 1490 1300 reman-

458 1328 495 1402 srt
513 1333 547 1404 in
563 1329 714 1423 Achone,
736 1334 910 1429 expellant
927 1329 1113 1430 passagium
1129 1333 1268 1405 vernale.
1295 1335 1362 1405 Rex
1384 1333 1490 1406 lhero-

458 1438 661 1510 solimitanus
675 1441 711 1509 δι
726 1436 792 1510 dux
803 1439 929 1510 Austrie
941 1439 1044 1511 vitarn
1058 1463 1135 1510 cum
1152 1437 1246 1511 rebus
1262 1463 1325 1537 pro
1339 1442 1489 1512 Domino

457 1543 662 1617 laudabiliter
681 1541 821 1616 fundens
839 1569 915 1616 curn
932 1545 1091 1642 episcopo
1104 1545 1298 1618 Traiettenfi
1310 1551 1346 1620 &
1360 1549 1490 1620 Monas-
1502 1571 1636 1632 v.,f.4v⁰,
1646 1589 1666 1620 c.
1679 1588 1701 1620 ι.

458 1649 582 1722 reriensr
590 1652 724 1748 aliisque
731 1651 891 1748 episcopis
899 1651 1038 1722 castrum
1047 1653 1222 1726 Cesaream
1235 1667 1245 1700 ¹
1259 1654 1390 1727 viriliter
1398 1652 1491 1726 simul

457 1760 493 1828 δι
509 1757 627 1830 utiliter
643 1757 860 1831 firmaverunt.
883 1758 1059 1854 Templarij
1080 1785 1158 1831 vero
1175 1785 1253 1831 curn
1269 1762 1381 1856 paucis
1400 1762 1490 1834 aurti-

456 1861 624 1937 liatoribus
643 1865 820 1962 peregrinis
837 1864 1039 1961 &hospitali
1059 1865 1101 1937 de
1120 1863 1224 1937 domo
1241 1870 1490 1966 peregrinorum

458 1973 597 2044 castrum
616 1973 681 2062 filij
698 1973 772 2061 Dei,
799 1969 892 2067 quod
917 1972 998 2068 olim
1020 1971 1207 2065 dislrisium,
1236 2000 1324 2046 nunc
1352 1977 1490 2048 castrum

458 2080 704 2178 Peregrinorum
721 2077 913 2175 appellatur,
939 2076 1090 2150 edificare
1109 2105 1277 2176 ceperunt,
1296 2082 1389 2176 quod
1406 2079 1490 2178 post·

457 2211 530 2258 turn
542 2187 587 2258 est
597 2187 681 2258 inter
691 2186 809 2282 Cepha
822 2187 857 2256 &
869 2185 1044 2256 Cesarearn
1056 2187 1145 2259 iuxta
1154 2213 1254 2259 mare.
1266 2190 1367 2260 Terra
1379 2213 1491 2260 autern

458 2295 691 2365 circumiacens
709 2294 790 2364 mire
814 2293 858 2364 est
881 2291 1061 2383 fertilitatis,
1089 2295 1124 2363 δι
1139 2318 1255 2390 portus
1276 2294 1489 2391 piscatoribus

458 2400 542 2472 utilis
567 2401 599 2471 se
625 2398 783 2498 adiungit.
813 2399 885 2470 Nec
912 2396 1082 2490 blendum,
1108 2401 1214 2498 quod,
1248 2400 1330 2473 durn
1354 2427 1490 2501 propter

459 2533 556 2606 agros
576 2505 812 2579 exhauriendos
837 2503 1013 2597 foderetur,
1038 2507 1189 2584 inventus
1212 2509 1257 2580 est
1279 2535 1399 2601 murus,
1431 2507 1488 2581 sub

460 2617 549 2686 cuius
561 2612 779 2685 fundamento
797 2636 971 2712 argentum
983 2614 1018 2684 δι
1031 2615 1159 2686 nummi
1174 2639 1310 2687 monete
1321 2615 1489 2689 modernis

459 2719 628 2818 incognite
645 2721 718 2791 sunt
732 2721 867 2792 inventi.

706 2956 757 3028 lV.
775 2958 1016 3052 Depafflortilus
1032 2963 1257 3054 navigantium.

511 3143 574 3216 llis
583 3144 693 3237 itaque
709 3143 743 3213 in
756 3142 907 3214 Domino
924 3142 1003 3214 citra
1019 3144 1157 3214 mare&
1172 3141 1253 3216 ultra
1266 3143 1400 3218 feliciter
1417 3171 1489 3241 per-

463 3251 551 3342 adlit,
580 3251 648 3322 iarn
664 3249 797 3320 Martius
822 3272 937 3322 nautas
955 3272 1147 3320 evocaturos
1173 3247 1324 3337 instabat,
1356 3253 1392 3322 ἃ
1412 3276 1490 3324 ecce

463 3357 605 3454 populus
627 3356 763 3446 navalis,
792 3357 847 3452 qui
873 3354 962 3451 apud
979 3353 1192 3430 Ulixibonam
1218 3355 1428 3450 hiemaverat,
1447 3357 1490 3431 ad

462 3492 552 3538 mare
573 3488 749 3561 properare
774 3463 911 3551 festinat,
927 3467 972 3555 &,
992 3459 1125 3534 consilio
1153 3460 1278 3555 habit0,
1300 3463 1490 3537 ordinatum
1501 3485 1538 3545 st,
1549 3488 1635 3548 p.226,
1648 3504 1668 3534 c.
1682 3503 1706 3534 2.

462 3573 518 3664 est,
535 3595 571 3643 ut
583 3596 695 3642 comes
708 3568 749 3641 de
757 3568 860 3642 Wide
878 3572 910 3644 in
923 3572 998 3643 navi
1012 3571 1068 3641 sua
1080 3568 1160 3642 duas
1171 3583 1185 3616 ²
1196 3569 1333 3642 ferendo
1351 3571 1489 3644 laternas

462 3706 539 3751 curn
547 3675 726 3750 duodecim
736 3675 872 3750 navibus
886 3676 1087 3775 precederet,
1101 3680 1136 3749 δι
1146 3702 1258 3749 comes
1271 3676 1488 3752 Hollamenfis

464 3789 559 3860 unica
584 3786 717 3857 lucerna
733 3785 768 3855 in
785 3781 913 3882 srgnum
929 3784 1139 3880 sequentium
1160 3809 1224 3881 pro
1241 3784 1342 3856 tutela
1362 3783 1488 3856 medius
1501 3805 1542 3864 v.,
1552 3804 1569 3852 t.
1579 3816 1635 3868 51⁰,
1650 3823 1672 3852 e.
1685 3821 1705 3854 1.
1728 3817 1729 3888 ζ

463 3881 579 3994 viginti
588 3914 742 3989 quattuor
754 3889 963 3990 coggonibus
970 3889 1208 3988 adiungeretur.
1216 3887 1388 3989 [Sabbato]
1403 3891 1487 3989 tigi-
1727 3889 1729 3976 Ι

502 4059 773 4128 tCodd.Ieguntse.-
788 4061 947 4112 almenar-
1047 4075 1059 4121 3
1081 4059 1110 4109 V.
1131 4055 1191 4124 legit
1207 4057 1326 4122 Sabbon,
1347 4057 1377 4110 B.
1394 4057 1489 4124 prebet

457 4139 518 4210 'gint'
528 4139 667 4210 inscriptum
679 4139 717 4209 est.
1008 4138 1125 4202 verbum,
1131 4138 1195 4206 quod
1205 4134 1255 4204 legi
1266 4153 1311 4189 non
1318 4135 1398 4207 potest
