3462 5110
532 350 572 404 IN
590 349 789 404 onsrmottn
806 349 1005 404 DAMIATE.
1218 353 1285 430 147

256 567 394 663 quidam
409 569 615 666 Paganorum
634 568 729 663 super
748 591 865 637 omnes
882 592 1034 664 magnus,
1062 568 1118 663 qui
1134 564 1284 664 probiffi-
1303 595 1360 642 1218

256 701 348 746 mum
359 673 530 748 hominem
543 677 578 746 &
589 673 727 744 militem
737 673 937 762 Romanurn,
951 674 1088 745 nomine
1105 673 1284 746 Nicolaum

255 779 297 852 de
315 781 472 871 Antonia,
491 778 621 852 occidit.
650 775 756 876 Quod
772 775 887 851 videns
907 805 962 851 rex
980 779 1149 872 lohannes,
1167 778 1284 853 dolore

254 888 347 987 gravi
368 886 557 979 stimulatus,
582 887 640 962 ivit
660 911 802 982 eumque
829 910 906 956 cum
932 886 1024 959 clava
1048 885 1235 984 percussum
1251 889 1286 958 in

254 1019 373 1066 terram
397 995 536 1091 proiecit
561 993 802 1089 deiesiumque,
836 995 1032 1066 consociatis
1058 992 1114 1066 srbi
1138 994 1286 1091 plurimis

253 1101 452 1193 Christianis,
468 1099 600 1174 occidit.

110 1233 151 1282 for.
165 1249 210 1296 177
220 1252 240 1283 ι.
302 1209 344 1282 X.
365 1207 491 1281 Videns
512 1231 622 1280 autem
639 1233 694 1279 rex
710 1206 826 1305 Egipti,
852 1206 946 1302 quod
967 1207 1100 1280 fortuna
1115 1209 1145 1278 ei
1169 1235 1286 1282 nover-

253 1339 382 1391 caverat
398 1315 497 1406 mala,
514 1318 550 1385 &
566 1316 656 1386 Deus
672 1311 845 1411 pugnabat
860 1339 923 1409 pro
941 1311 1049 1405 nobis,
1066 1315 1173 1386 statuit
1189 1316 1285 1414 super
1402 1367 1404 1372 -

252 1449 314 1496 nos
341 1447 411 1496 non
429 1421 568 1518 amplius
587 1423 621 1491 in
642 1418 777 1518 publico
794 1421 903 1493 venire
924 1418 1022 1493 bello.
1048 1423 1187 1494 Munivit
1203 1449 1284 1521 ergo

252 1533 358 1628 ripam
374 1527 516 1602 fluminis
534 1551 657 1625 aparte
674 1527 783 1598 nostra
797 1528 970 1622 posuitque
989 1525 1035 1598 ibi
1052 1526 1237 1601 trabucetos
1250 1533 1285 1602 δε

251 1660 393 1735 mangos
409 1636 445 1705 δι
458 1633 560 1706 multa
577 1633 688 1726 castra,
704 1631 748 1704 de
763 1632 861 1732 lignis
878 1632 975 1724 facia,
1002 1633 1118 1728 quibus
1135 1635 1207 1732 spes
1224 1660 1285 1706 no·

251 1739 299 1814 bis
325 1739 469 1813 intrandi
501 1737 620 1812 terram
643 1739 750 1836 ligipti
778 1739 845 1809 iam
870 1739 931 1810 fuit
954 1737 1087 1812 sublata.
1118 1742 1213 1811 Tunc
1242 1741 1285 1812 ad

250 1849 346 1920 instar
369 1847 513 1920 lraelitici
533 1845 649 1943 populi
671 1845 856 1942 christianus
889 1848 1045 1918 exercitus
1072 1849 1286 1921 murmuravit

250 1979 366 2026 contra
383 1954 570 2025 Dominum
586 1953 775 2051 legatum&
785 1953 948 2049 principes
964 1951 1184 2026 dicensrCUR
1192 1974 1285 2027 ΕΒΗ-

250 2080 368 2132 XISTIS
391 2079 460 2132 NOS
485 2078 580 2150 HUC,
606 2078 660 2132 UT
686 2078 934 2132 MOREREMUR
959 2078 1000 2130 IN
1027 2079 1108 2133 HAG
1133 2080 1284 2133 SOLITU·

250 2173 365 2240 nutu?
390 2169 447 2238 Au
464 2184 543 2238 uon
560 2185 696 2238 runnu*
713 2184 908 2238 sreurcnn
930 2184 969 2236 nv
987 2184 1181 2239 Pnurmus
1200 2185 1285 2238 uos-

250 2279 358 2348 TRIs?
382 2271 508 2370 (Exod,
526 2293 603 2365 XIV,
635 2273 770 2364 11-12.)
794 2279 869 2343 Ecce
889 2280 939 2344 iric
948 2281 1013 2370 fine
1035 2276 1114 2344 dello
1138 2282 1284 2348 morimur

250 2384 282 2454 θ
297 2391 375 2478 ficut
397 2407 485 2452 canes
503 2387 534 2450 in
547 2381 659 2475 sabulo
668 2380 861 2473 sepelimur!

297 2488 350 2560 Xl.
366 2485 422 2557 nd
437 2485 499 2558 hec
515 2488 662 2582 precepit
679 2483 833 2556 dominus
849 2485 985 2584 legatus,
1009 2483 1197 2558 triduanum
1214 2488 1284 2561 fieri

249 2598 408 2672 ieiunium
425 2598 460 2668 ἃ
474 2596 522 2667 ire
540 2593 741 2666 discalciatos
768 2591 811 2665 ad
837 2620 947 2666 veram
968 2597 1003 2666 δε
1028 2595 1191 2666 vivificam
1214 2622 1285 2668 cru-

250 2731 334 2797 cem,
352 2729 387 2776 ur
405 2701 469 2795 ille,
492 2703 548 2797 qui
566 2702 601 2771 in
620 2727 659 2773 ea
674 2699 844 2798 pependit,
866 2700 1051 2774 ostenderet
1067 2700 1164 2772 nobis
1182 2703 1283 2792 viam,

249 2839 308 2910 per
335 2836 437 2908 quarn
460 2833 560 2881 naves
583 2809 838 2904 imponeremus.
865 2809 1032 2905 inspiravit
1056 2833 1168 2881 autem
1193 2810 1283 2879 Deus

250 2917 418 3016 quendam
433 2915 616 3003 hominem,
642 2917 701 3010 qui
720 2908 847 2986 accessit
869 2913 913 2985 ad
939 2914 1113 2990 dominum
1137 2915 1283 3015 legatum

248 3030 284 3099 dt
300 3023 379 3096 dixit
400 3025 446 3094 ei:
472 3027 616 3109 Domine,
638 3028 714 3092 milti
745 3026 922 3128 inspiratum
945 3029 994 3114 est,
1015 3026 1162 3115 quomodo
1174 3028 1283 3116 furio·
1394 3115 1397 3123 Ι

249 3161 324 3221 mus,
342 3157 375 3202 ur
390 3156 480 3202 naves
497 3136 685 3224 importantur
702 3130 796 3220 illese.
821 3125 1034 3224 Respondent
1057 3153 1166 3199 autern
1191 3129 1283 3228 lega-

248 3263 298 3312 tus
316 3236 396 3311 dixit
412 3237 475 3308 eis:
495 3237 585 3329 qud
608 3237 667 3304 ribi
686 3237 846 3305 revelatum
863 3241 913 3327 est,
922 3240 981 3327 fur
988 3243 1055 3332 fine
1076 3242 1185 3306 mora!
1212 3238 1282 3335 Qui

248 3347 354 3418 statim
370 3367 488 3415 terram
502 3341 743 3412 mensuravit&
761 3365 819 3437 per
836 3337 983 3412 medium
1000 3343 1156 3412 exercitus
1175 3342 1282 3416 statuit

248 3448 374 3551 grande
386 3449 456 3522 fieri
473 3445 638 3539 fossatum,
654 3446 699 3518 ad
712 3445 805 3542 quod
822 3447 1011 3519 faciendum
1028 3447 1156 3547 legatus
1174 3452 1209 3521 ἃ
1226 3478 1280 3524 rex

248 3561 283 3630 δι
299 3583 415 3630 omnes
443 3556 497 3649 alij
523 3557 686 3654 principes
712 3557 899 3652 cundiique,
918 3555 1025 3626 clerici
1050 3557 1086 3626 δι
1108 3555 1183 3627 laici
1203 3583 1280 3631 curn

247 3663 387 3737 fossoriis
404 3667 439 3735 in
455 3661 655 3736 adiutorium
673 3685 894 3749 cucurrerunt,
906 3664 941 3731 &
957 3663 1023 3732 cito
1041 3663 1164 3733 fadum
1181 3664 1236 3736 est.

296 3771 363 3845 ΧΗ.
388 3771 479 3845 Cum
500 3795 610 3843 autem
627 3767 734 3842 fuisset
751 3766 906 3841 fossatum
923 3769 1114 3866 perfossum,
1144 3772 1282 3867 qualiter

248 3906 306 3977 per
320 3879 426 3975 ipsum
442 3877 517 3951 vasa
542 3875 649 3948 nostra
665 3878 922 3974 imponeremus,
946 3901 1016 3947 non
1034 3875 1280 3949 inveniebamus

249 3982 430 4077 consrliunr3
447 4009 549 4080 quarn
567 4008 707 4081 magnus
721 4007 789 4054 erat
804 3979 899 4054 labor
915 3980 982 4054 ille!
1001 3982 1032 4051 Α
1047 3979 1182 4056 flumine
1192 3985 1280 4056 enirn

251 4091 351 4193 usque
368 4117 408 4165 ac
424 4089 555 4165 flumen
565 4086 824 4191 protendebatur
842 4085 1005 4166 fossatum.
