3462 5110
511 407 550 458 IN
573 407 771 458 OBSIDIONE
790 406 987 458 DAMIATE.
1200 407 1261 486 153

236 627 279 700 ad
297 629 443 699 Badlanis
464 630 499 698 ὃς
515 626 607 717 iussit,
634 652 739 698 totam
756 629 870 698 Siriam
897 629 1004 699 venire
1029 630 1063 698 ὅ(
1085 652 1190 699 totam
1207 653 1269 700 ter·
1286 653 1344 699 1219

237 762 307 806 ram
317 733 544 831 promissionis.
559 734 600 804 Ex
609 733 670 803 alia
681 731 791 806 autem
805 757 897 829 parte
910 732 1077 820 soldanus,
1089 760 1143 804 rex
1153 734 1269 831 Egipri,

238 843 424 913 commovit
441 840 673 912 Alexandriam
690 843 724 911 ὅ(
744 839 947 912 Babiloniam
969 843 1003 910 &
1029 865 1134 910 totam
1154 865 1270 912 terram

238 946 343 1045 Egipti
370 950 405 1017 ἃ
429 950 527 1018 etiam
545 946 729 1019 Assricanos
754 949 854 1043 usque
871 946 913 1017 ad
931 946 1077 1038 siaroch,
1102 972 1138 1017 ut
1155 974 1271 1021 omnes

239 1055 268 1125 ei
284 1053 492 1126 subvenirent
509 1053 639 1126 dicens:
668 1059 766 1149 Qtum
780 1065 809 1152 fi
827 1063 937 1127 civitas
954 1061 1102 1126 ‘Dumium
1128 1087 1145 1126 a
1165 1061 1271 1151 Chris*

238 1168 332 1232 tinnis
351 1169 454 1256 fuerit
470 1168 628 1258 superata,
658 1188 826 1233 soraterra
856 1169 1048 1256 Paganorum
1068 1168 1270 1257 superabitur.

239 1267 476 1340 Verumtamen
496 1295 612 1339 omnes
628 1268 704 1338 istos
716 1266 872 1339 iusserunt
884 1270 917 1339 in
936 1269 1045 1339 mense
1058 1269 1134 1358 Maij
1151 1272 1270 1342 venire.

115 1385 132 1430 f·
148 1397 192 1444 179
203 1400 223 1429 ²·
239 1374 384 1445 Audiens
404 1400 514 1446 autem
538 1375 603 1445 hoc
620 1375 743 1462 calisus,
770 1375 901 1446 illorum
922 1372 1153 1471 Agarenorum
1172 1403 1271 1474 papa,

238 1507 315 1552 cum
338 1485 482 1554 maxima
508 1483 648 1554 militum
674 1485 772 1578 copia
798 1508 817 1552 a
844 1483 991 1553 Baoanis
1021 1484 1121 1572 venit,
1148 1483 1272 1556 habens

239 1615 277 1659 ex
300 1588 429 1662 diverfis
446 1589 592 1686 parribus
616 1587 703 1662 orbis
722 1589 838 1660 milites
856 1591 977 1680 secum,
999 1616 1142 1687 quorum
1164 1590 1271 1660 multi-

240 1695 389 1768 tudinem
408 1695 614 1768 dinumetare
632 1722 732 1768 nemo
752 1695 918 1768 sufficeret.

533 1915 583 1979 Ue
600 1916 703 2001 quinta
721 1914 853 2003 etsexta
864 1937 978 2004 pugna.

287 2122 403 2194 XXVI.
432 2127 463 2193 ln
499 2120 552 2192 die
579 2148 660 2220 ergo
690 2123 891 2193 Pentecostes
916 2149 955 2193 ex
982 2126 1075 2194 omni
1105 2148 1196 2218 parte
1214 2151 1272 2220 per
1284 2140 1339 2200 Mal·
1352 2140 1399 2195 2⁶2

238 2254 361 2323 aquam
377 2231 412 2299 ὃς
430 2254 548 2300 terram
562 2252 721 2300 venerunt
738 2227 781 2299 ad
794 2254 855 2298 nos
868 2230 1141 2325 proiecerunrque
1158 2233 1272 2327 ignem

239 2335 333 2431 super
359 2333 560 2406 bertenescas
586 2336 708 2406 nostras
726 2338 760 2406 ὅ(
778 2361 934 2430 ceperunt
957 2334 1111 2406 fossatum
1134 2337 1272 2432 implere

239 2443 365 2537 nosque
377 2444 462 2514 inter
480 2444 511 2513 se
525 2445 674 2539 captivos
688 2441 837 2513 dixerunt
850 2442 1016 2514 divisuros.
1034 2444 1272 2515 Verumtamen

239 2551 370 2620 nonita
390 2550 541 2646 contigit,
559 2548 614 2619 sed
633 2548 765 2619 illorum
786 2548 880 2619 multi
897 2550 1023 2643 equi&
1041 2551 1164 2644 equites
1182 2578 1272 2622 ama-

240 2655 314 2726 riter
332 2655 405 2725 sunt
421 2659 528 2729 necati
546 2655 709 2750 tristesque
726 2655 780 2743 alij
798 2655 1012 2727 retroversum
1029 2657 1101 2727 sunt
1116 2655 1271 2746 converfi,

239 2763 274 2831 ὃς
291 2762 400 2852 nostri,
419 2763 569 2856 quamvis
584 2761 742 2833 vulnerati
760 2761 853 2833 multi
870 2765 905 2832 ἃ
922 2760 1018 2832 occist
1031 2766 1142 2858 pauci,
1162 2765 1272 2835 trium-

240 2866 344 2963 phum
361 2868 435 2938 sunt
452 2867 575 2964 adepti.

288 2973 383 3046 XXV
387 2978 418 3045 ll.
436 2975 532 3044 Tunc
549 2974 808 3046 machinavimus
823 3000 927 3046 cattos
945 2978 979 3046 ὅ(
997 2975 1095 3046 scalas
1112 2979 1147 3047 ὃς
1164 2975 1272 3047 trabu-

240 3082 382 3150 cetos&
403 3080 506 3152 multa
531 3081 593 3152 alia
619 3083 752 3179 ingenia
776 3108 838 3178 pro
865 3083 995 3153 civitate
1021 3081 1274 3179 constringenda

240 3188 275 3255 ἃ
293 3186 327 3256 in
346 3185 400 3256 tali
414 3211 515 3282 opere
534 3187 653 3257 suimus
672 3189 706 3257 in
721 3188 832 3285 vigilia
845 3189 953 3278 Sansli
973 3186 1123 3260 Iohannis
1135 3189 1273 3284 Baptiste
1287 3214 1336 3259 run.
1352 3225 1388 3272 23.

241 3291 365 3363 civibus
382 3294 417 3362 ἃ
434 3291 572 3364 soldano
587 3319 664 3364 cum
684 3295 744 3364 suis
759 3320 820 3364 nos
838 3293 891 3365 die
908 3319 948 3365 ac
960 3298 1059 3365 notre
1076 3296 1273 3392 impugnan-

242 3396 336 3470 tibus.

290 3504 430 3577 XXVlll.
452 3509 485 3575 ln
506 3504 653 3601 predisla
671 3506 782 3603 vigilia
809 3504 882 3601 post
907 3507 1055 3602 vesperas
1080 3503 1168 3600 quast
1195 3511 1273 3576 oslo

242 3611 332 3683 milia
351 3611 555 3708 Paganorum
572 3637 732 3685 venerunt
752 3610 795 3683 ad
812 3612 949 3702 nostros,
976 3614 1009 3683 in
1030 3610 1146 3706 quibus
1164 3612 1224 3682 fuit
1241 3617 1275 3684 &

242 3742 358 3788 eorum
388 3744 485 3814 papa,
515 3718 638 3805 cassus,
671 3721 727 3813 qui
754 3744 858 3815 nuper
882 3721 915 3788 in
943 3709 1083 3789 dxercitu
1110 3744 1275 3790 venerata

242 3825 400 3914 Bassanis,
415 3825 567 3919 fassaque
579 3823 791 3897 absolucione
805 3823 960 3897 omnibus
973 3826 1118 3923 Paganis‚
1132 3827 1276 3898 nostrum

242 3930 347 4001 voluit
372 3928 482 4002 videre
499 3932 676 4002 exercitum
692 3934 727 4002 ὃς
744 3929 840 4002 nobis
867 3930 1037 4002 ostendere
1059 3933 1162 4002 suum.
1190 3933 1275 4029 Qui·

244 4033 303 4106 bus
320 4034 402 4128 vifis,
432 4036 591 4108 lohannes
620 4036 661 4108 de
687 4036 830 4110 Arstccio
856 4063 933 4107 cum
950 4062 1104 4132 quattuor
1122 4038 1276 4110 militibus

243 4142 337 4214 sociis
354 4144 463 4234 exivit,
480 4147 514 4214 ἃ
529 4144 622 4216 multi
635 4145 767 4216 clientes
785 4145 884 4215 secuti
901 4146 974 4214 lunt
990 4171 1077 4215 eum.
1097 4145 1187 4215 Cum
1205 4148 1275 4239 qui·

1138 4293 1171 4328 20
