3466 5110
476 378 527 430 DE
552 379 844 434 PREDICATIONE
869 383 894 432 S.
923 383 1063 436 CRUCIS.
1260 391 1282 464 9

254 585 570 672 ecilesraexonerare
587 602 680 672 suum
698 602 855 700 pugilem,
870 604 926 698 qui
938 628 1000 699 pro
1019 604 1087 700 ipsa
1100 629 1240 701 pugnat,
1250 608 1284 676 &

253 709 403 779 sustinere
421 708 552 803 pondus
565 705 672 804 ipsius,
686 712 721 779 ἃ
738 708 814 780 ideo
833 735 930 781 cruce
941 709 1070 807 sgnatis
1083 713 1160 782 iuste
1173 715 1283 783 remir-

254 817 290 886 tit
307 816 471 887 Dominus
487 840 575 911 papa
592 840 713 910 penam
730 842 943 911 peccatorum
961 823 995 890 ὃ(
1012 817 1137 916 obligat
1158 821 1284 891 univer-

252 921 352 993 salem
370 921 537 996 ecclesiam
554 951 615 1021 pro
639 923 723 1021 ipfis,
746 927 802 1020 qui
819 923 971 996 mundari
986 924 1121 1022 possunt
1137 952 1196 1022 per
1209 953 1284 1023 pro-

252 1030 357 1124 priam
380 1056 495 1102 corum
513 1033 765 1122 contricionem,
787 1031 1019 1124 devocionem,
1038 1031 1284 1129 confessionem,

251 1134 410 1230 laborem,
435 1165 494 1236 per
524 1141 691 1210 orationes
720 1143 755 1210 ὅ(
781 1140 1014 1231 eleemosynas,
1045 1167 1108 1236 que
1135 1140 1218 1212 fiunt
1242 1140 1284 1212 ab

253 1243 402 1316 univerfis
415 1245 603 1318 Christianis
621 1273 683 1343 pro
700 1248 879 1344 peregrinis
896 1248 994 1318 Terre
1011 1249 1136 1321 Sande.

302 1358 398 1424 ltem:
425 1355 457 1426 Si
477 1354 592 1450 aliquis
613 1353 692 1425 esset
714 1378 865 1424 oneratus
891 1352 1036 1449 pluribus
1058 1354 1230 1451 lapidibus,
1250 1362 1284 1429 &

253 1459 389 1555 quidam
409 1463 570 1557 acciperet
587 1459 628 1532 ab
648 1485 689 1532 eo
703 1486 806 1531 unum
823 1460 969 1556 lapidem
989 1463 1023 1531 &
1040 1461 1119 1532 alius
1136 1462 1237 1534 alium
1250 1468 1284 1535 δι

253 1569 367 1637 tercius
392 1570 528 1639 tercium
551 1565 649 1639 &fic
676 1565 841 1666 deinceps,
870 1568 937 1664 ipse
964 1567 1105 1640 totaliter
1128 1595 1284 1642 exonera·

252 1698 348 1765 retur,
372 1672 513 1746 similiter
536 1700 631 1746 cruce
648 1671 789 1772 signatus
806 1672 1003 1745 deoneratur
1022 1701 1042 1745 a
1061 1699 1147 1770 pena
1165 1703 1284 1774 pecca-

254 1804 360 1853 torum
385 1809 444 1879 per
461 1785 645 1854 Dominum
663 1807 786 1878 papam
807 1785 841 1852 ἃ
864 1781 1077 1853 universalem
1094 1782 1282 1879 ecclesiam,

256 1920 274 1952 α
293 1917 489 1982 quemcunque
506 1899 584 1962 enim
593 1893 727 1987 solverit
734 1895 830 1986 super
846 1917 968 1976 terrum,
988 1897 1049 1960 erit
1060 1893 1184 1984 solutus
1203 1895 1234 1963 δ»
1251 1900 1283 1963 in

253 1998 346 2066 celum
366 2029 384 2060 u
405 1996 476 2084 (Cf.
495 1997 621 2085 Matth,
640 2018 718 2087 xvl,
743 2006 809 2094 19).
832 1995 1039 2087 Notandum,
1057 1997 1149 2092 quod
1167 1997 1284 2070 dicitur

253 2102 346 2199 super
359 2127 490 2195 terram,
503 2129 573 2174 non
583 2103 701 2175 dicitur
713 2104 798 2174 infra
812 2129 940 2193 terram,
954 2106 1062 2175 necin
1076 2131 1167 2176 terra.
1182 2108 1284 2203 Super

253 2231 372 2280 terram
393 2213 448 2302 est,
474 2213 530 2305 qui
548 2236 673 2282 terrena
696 2211 845 2308 negligit,
871 2213 903 2282 in
921 2233 1004 2282 terra
1021 2211 1075 2300 est,
1095 2213 1201 2306 quiin
1219 2239 1283 2284 ter-

252 2341 331 2389 rena
344 2342 403 2388 cor
416 2319 510 2388 suum
517 2317 638 2417 affigit,
653 2321 688 2389 &
701 2317 743 2388 de
755 2315 871 2389 rabbus
885 2316 964 2388 dicit
976 2317 1153 2413 aposlolus,
1169 2349 1187 2380 α
1205 2324 1282 2391 Glo-

253 2430 301 2495 ria
315 2453 414 2496 eorum
429 2433 460 2496 in
476 2432 655 2520 confufione,
669 2434 722 2519 qui
732 2431 983 2521 terrenusupiunr
994 2457 1012 2489 u
1027 2425 1195 2515 (Phil.,111,
1214 2434 1282 2525 19),

253 2530 319 2601 hoc
336 2532 390 2619 est,
409 2529 531 2604 habent
549 2531 810 2604 deleilacionem
826 2535 861 2602 ἃ
878 2533 1028 2628 saporem
1041 2533 1073 2602 in
1090 2533 1230 2604 terrenis.
1250 2535 1284 2605 lit

252 2638 412 2710 lohannes
427 2641 462 2710 in
480 2639 678 2736 Apocalypsi
693 2644 788 2733 (vul,
813 2646 889 2736 13):
911 2671 928 2702 (τ
952 2645 1004 2730 Vc,
1017 2669 1063 2726 ue,
1083 2644 1283 2711 habitantibus

46 2761 67 2802 Α
82 2757 171 2818 fissa,
184 2773 204 2804 c·
215 2771 238 2804 2,
253 2745 717 2843 interruluGenes,111(b),<t
736 2751 823 2819 Vidit
832 2749 952 2833 mulier,
961 2746 1081 2816 scilicet
1091 2746 1163 2832 Eva,
1178 2748 1283 2837 «quod

252 2854 369 2947 lignum
387 2857 457 2946 effer
473 2858 579 2925 bonum
599 2858 640 2923 cd
655 2857 827 2950 vtescendum
845 2855 1047 2947 sepulchrum
1065 2856 1161 2923 oculis
1180 2856 1283 2947 nspec-

251 2986 340 3053 tuque
353 2964 543 3052 deleciabile,
563 2964 636 3031 tulit
656 2964 694 3031 de
708 2965 816 3053 fruc‘lu
835 2962 923 3030 illius
940 2961 970 3030 se
987 2964 1125 3048 comedit,
1152 2961 1284 3030 &dedic

252 3071 394 3160 virosuo,
408 3069 439 3137 δ’
452 3073 591 3139 comedit.
604 3099 622 3131 a
637 3065 702 3140 Sed
715 3069 863 3164 precepit
875 3069 964 3138 Deus
977 3069 1065 3165 prius
1078 3066 1151 3137 nde
1167 3066 1284 3163 (Gen,

253 3192 291 3264 11,
315 3171 387 3272 16),
412 3206 429 3238 tr
449 3181 493 3246 Ex
510 3183 592 3247 omni
609 3177 696 3271 ligno
714 3180 852 3272 parodifi
869 3179 998 3262 comede,
1026 3178 1063 3245 de
1081 3178 1167 3268 ligno
1186 3198 1282 3242 curem

243 3283 376 3374 sciencie
397 3286 467 3353 honi
484 3283 515 3352 se
532 3284 608 3353 muli
628 3312 664 3353 ne
690 3287 847 3353 comedas!
867 3314 885 3346 u
914 3279 1012 3355 Unde
1029 3281 1092 3354 Eva
1115 3277 1284 3375 respondit

251 3387 409 3485 serpenti:
437 3421 456 3453 α
476 3396 528 3460 Ue
545 3394 653 3482 fruclrr
681 3390 772 3484 ligni,
804 3393 938 3482 quodest
964 3395 994 3458 in
1021 3391 1120 3459 medio
1136 3392 1282 3484 paradifi,

246 3503 384 3590 precepit
400 3501 488 3568 nobis
500 3502 598 3585 Deus,
617 3525 654 3568 ne
665 3502 883 3568 comederemus
896 3497 927 3566 se
940 3525 976 3566 ne
988 3523 1178 3591 tangeremus
1190 3497 1280 3581 illud,

252 3631 288 3674 ne
292 3610 382 3697 forte
399 3612 562 3676 moriamur
578 3637 596 3669 ‚s
616 3607 767 3700 (Genesi,
790 3625 845 3696 111,
865 3609 915 3703 3).
936 3606 1038 3675 Reslo
1060 3629 1141 3702 ergo
1159 3600 1282 3671 iudicio

251 3711 317 3782 Dei
334 3709 564 3784 dividebantur
584 3737 723 3808 corpora
741 3711 813 3784 Ade
830 3715 864 3782 ἃ
882 3712 943 3784 Eve
961 3710 1002 3782 ab
1021 3707 1191 3781 animabus
1209 3709 1282 3798 suis,

252 3821 329 3914 quia
346 3815 402 3914 ipsr
428 3843 543 3890 contra
564 3819 627 3890 Dei
645 3842 836 3916 preceptum
854 3816 1045 3891 dividebant
1066 3842 1205 3912 pomum
1223 3841 1283 3912 per

252 3926 408 4016 morsum,
425 3925 513 3996 unde
531 3941 619 3995 mors
645 3925 786 3996 amorsu
805 3924 976 3996 derivatur.
996 3925 1156 4020 Oporruit
1173 3923 1280 4019 igitur,

253 4060 311 4106 eos
323 4035 420 4123 mori,
441 4037 475 4106 ὃς
488 4059 550 4107 nos
564 4061 680 4106 omnes
692 4061 751 4132 per
764 4036 862 4132 ipsos,
880 4037 915 4106 δε
931 4036 965 4104 in
979 4031 1098 4104 eodem
1112 4033 1172 4102 fuit
1184 4029 1278 4124 culpa

1168 4181 1183 4218 2
