3462 5110
494 363 562 446 150
740 365 852 419 LIBER
869 365 1023 420 DUELLII
1040 364 1265 429 CHRISTIANI

418 613 476 666 ιιι,
490 584 606 677 modo,
623 611 827 658 remanentes
844 588 878 657 in
896 583 1021 677 sabulo,
1042 581 1164 658 civibus
1179 611 1300 657 nocere
1315 610 1517 683 poteramus,

490 718 677 766 convocato
690 695 841 781 exercitu,
857 691 948 766 dixit:
963 697 1046 788 Quid
1049 698 1197 786 facimus,
1211 696 1375 785 carissimi?
1387 697 1517 768 ‹Jlselt‘us

489 808 529 893 est
545 804 632 872 nobis
655 807 732 872 mori
758 806 789 871 ln
806 803 897 890 bello,
918 827 1006 894 quam
1032 807 1064 871 t‘tr
1076 827 1167 895 parte
1184 806 1228 870 itu
1253 807 1353 872 uivere
1369 809 1515 897 captivos,

382 929 476 976 noaz.
489 910 701 1005 precepitque
725 906 890 998 omnibus,
918 930 953 978 ut
976 905 1079 980 essent
1104 907 1208 1004 parati
1232 907 1267 976 in
1293 906 1517 984 Purificatione

489 1016 606 1086 Sansle
623 1015 732 1087 Marie.
760 1015 830 1111 Qui
854 1039 970 1086 omnes
990 1013 1119 1084 summo
1141 1012 1286 1084 diluculo
1308 1016 1417 1085 coccis
1432 1018 1516 1088 &in

489 1122 611 1220 galeis¹
645 1120 916 1194 ascenderunt&
945 1146 1002 1218 per
1024 1118 1147 1192 flumen
1164 1122 1320 1220 navigare
1345 1147 1511 1219 ceperunt.

488 1229 567 1299 Mox
587 1252 677 1299 tanta
702 1251 774 1300 orta
799 1230 843 1300 est
863 1229 1034 1324 tempestas
1057 1230 1092 1300 in
1110 1234 1184 1300 aere
1201 1254 1277 1300 cum
1294 1255 1392 1324 aqua,
1417 1256 1515 1328 gran-

488 1333 565 1405 dine
581 1337 616 1404 &
634 1334 767 1432 frigore,
792 1334 885 1430 quod
910 1334 999 1407 nulla
1024 1332 1066 1406 de
1087 1333 1224 1407 navibus
1247 1337 1362 1407 nostris
1384 1335 1517 1408 videbat

487 1441 598 1532 aliam,
628 1445 662 1512 ὅ(
687 1443 788 1515 multe
814 1467 853 1512 ex
874 1444 919 1514 eis
936 1443 1112 1515 retroverse
1138 1443 1219 1514 sunt.
1253 1443 1299 1514 llli
1314 1445 1440 1535 autem,
1459 1447 1516 1540 qui

486 1545 611 1620 flumen
636 1547 836 1640 transierunt,
863 1547 1025 1646 grandem
1051 1549 1275 1645 tempestatem
1297 1575 1357 1646 per
1373 1549 1514 1622 triduum

487 1653 566 1752 passi
583 1656 664 1728 sunt.

535 1761 619 1834 XIV.
638 1763 788 1834 Similiter
804 1763 970 1835 Sarraceni
992 1787 1062 1834 non
1083 1764 1191 1835 minus
1210 1786 1279 1833 non
1296 1785 1450 1859 poterant
1466 1767 1514 1838 vi-

487 1866 563 1939 dere
587 1893 649 1940 nos
670 1895 732 1940 nec
751 1871 861 1942 venire
880 1867 923 1941 ad
945 1894 1017 1961 nos,
1042 1895 1148 1965 neque
1171 1893 1233 1939 nos
1260 1893 1448 1965 poteramus
1469 1873 1514 1944 ire

487 1973 531 2046 ad
557 2001 622 2047 eos.
647 1976 743 2047 Tunc
765 1977 882 2048 milites
900 1976 1071 2068 christiani,
1095 1976 1162 2047 sere
1189 1974 1230 2047 de
1255 1973 1367 2048 divina
1395 1979 1512 2050 miseri-

487 2081 601 2154 cordia
624 2081 793 2179 desperati,
820 2083 912 2154 illum
940 2085 1129 2154 Daviticum
1158 2080 1334 2154 cantabant
1361 2085 1512 2156 versum:
1545 2102 1549 2111 ·

489 2192 611 2260 Oblitus
632 2196 672 2280 est
694 2196 791 2282 Utus,
815 2198 925 2262 ανεντίτ
934 2195 1053 2283 faciem
1061 2193 1164 2284 suam,
1187 2217 1224 2259 ne
1246 2193 1348 2261 videat
1372 2197 1404 2262 in
1417 2197 1512 2282 finem

485 2297 611 2390 (Psalm.
629 2316 681 2388 lx,
702 2300 772 2396 31).
790 2297 960 2395 Ceperunr
984 2321 1095 2368 tamen
1114 2298 1298 2368 Dominum
1324 2294 1512 2371 adorare&

485 2400 606 2474 dicere:
632 2405 690 2495 Tu,
708 2410 850 2491 Domine,
867 2411 920 2497 qul
935 2410 1034 2474 omnio
1052 2410 1137 2496 affl,
1155 2430 1312 2496 antequam
1316 2410 1411 2496 fiunt,
1418 2409 1511 2500 serva

484 2538 549 2599 nos,
565 2537 693 2605 protege
711 2537 767 2582 nos
782 2515 820 2581 ab
837 2513 896 2580 illa
912 2535 1001 2604 gente
1010 2512 1152 2606 perversa
1166 2509 1200 2580 δ’
1217 2513 1362 2601 nefanda,
1380 2539 1417 2582 rte
1424 2517 1513 2604 sorte

484 2623 586 2689 dicant
607 2625 639 2688 in
656 2621 796 2712 gentibus
809 2651 819 2687 .·
845 2617 914 2690 UBI
931 2635 1000 2687 EST
1020 2635 1114 2687 DEUs
1131 2621 1290 2688 EORUM?
1316 2623 1402 2688 Deus
1419 2625 1512 2690 cruci-

476 2731 551 2817 fixe,
575 2729 686 2795 adiuva
709 2750 775 2812 nos,
802 2750 834 2794 ut
850 2751 908 2794 non
926 2731 1021 2819 fimus
1044 2739 1305 2794 SUBSANNACIO
1335 2741 1389 2794 ΕΤ
1414 2743 1512 2797 ILLU·

484 2851 541 2903 sio
572 2851 641 2922 ars,
676 2849 742 2910 om
773 2849 812 2924 ru
844 2848 1031 2902 clncurru
1061 2847 1212 2901 uosrno
1241 2835 1357 2903 suut!
1387 2831 1511 2925 (Psalm.

484 2936 679 3038 xL111‚r3.)

531 3046 604 3116 XV.
629 3043 794 3118 Exaudivit
814 3068 925 3115 autem
941 3045 1104 3117 Dominus
1118 3069 1231 3142 preces
1251 3044 1374 3116 nostras
1390 3047 1425 3116 δι
1441 3070 1511 3117 tan·

485 3178 556 3226 tam
573 3153 680 3248 posuit
700 3153 784 3223 inter
801 3153 887 3224 cives
904 3148 966 3223 five
984 3153 1177 3224 Sarracenos
1194 3150 1403 3242 discordiam,
1418 3151 1512 3249 quod

484 3258 635 3331 soldanus
662 3285 765 3331 unum
794 3258 837 3331 de
862 3258 1016 3329 amirariis
1045 3260 1106 3330 suis
1136 3259 1214 3336 fecit
1240 3258 1360 3330 occidi.
1394 3261 1513 3358 Pagani

485 3391 595 3438 autem
615 3367 718 3466 fugati
743 3368 816 3438 sunt
838 3393 859 3437 a
884 3368 1004 3438 Sancto
1022 3367 1186 3464 Georgio‚
1217 3368 1274 3463 qui
1289 3366 1335 3438 ibi
1351 3369 1512 3463 apparuit,

485 3474 709 3572 fiigientesque
724 3475 781 3544 sua
797 3474 938 3546 tentoria
949 3473 1158 3570 reliquerunt,
1171 3499 1235 3570 que
1247 3499 1335 3546 extra
1350 3475 1513 3546 civitatem

486 3580 698 3653 tetenderant.
728 3580 813 3652 Tam
833 3581 1005 3675 precipites
1033 3605 1145 3652 autem
1170 3582 1205 3652 in
1232 3581 1311 3678 suga
1338 3582 1512 3672 exiverunt,

486 3687 579 3784 quod
603 3711 696 3784 pater
715 3712 784 3758 non
813 3685 1018 3785 exspeslabat
1038 3686 1152 3778 lilium,
1181 3714 1251 3760 non
1276 3687 1358 3759 filius
1374 3712 1511 3786 patrem,

485 3793 541 3866 sed
569 3796 683 3865 omnia
704 3793 760 3865 sua
784 3819 859 3866 cum
887 3794 1092 3866 festinatione
1116 3794 1324 3890 reliquerunt,
1354 3795 1446 3867 nullo
1472 3794 1512 3866 de

486 3900 657 3972 christiano
670 3902 809 3973 exercitu
823 3927 880 3988 eos
893 3901 1115 3996 persequente.
1131 3903 1233 3999 Super
1245 3903 1391 3975 novitate
1404 3925 1512 3975 autem

526 4133 536 4170 1
555 4115 611 4174 God.
629 4114 707 4188 scalis,
721 4113 867 4189 corrigimus
880 4116 950 4172 codd.
964 4115 987 4171 Ε
1003 4113 1032 4170 ὅ
1040 4113 1062 4166 L
1065 4113 1172 4188 [φαντί.
