3466 5110
486 404 528 480 14
884 401 1099 455 onomacro

476 620 578 691 vestra
595 626 629 693 &
647 624 789 695 carnalia¹
810 627 844 694 &
865 623 1055 720 spiritualia,
1084 621 1173 694 unde
1206 624 1304 692 mittit
1329 619 1423 694 vobis
1451 621 1505 692 hic

476 727 734 816 mundacionem
755 733 789 802 ὅ(
814 732 1053 826 purgacionem
1078 757 1098 800 a
1120 730 1278 826 peccatis,
1310 753 1345 799 ut
1374 754 1506 800 crucem

476 833 606 906 sumatis
628 836 671 907 ad
692 838 875 909 succursum
899 839 996 908 Terre
1018 839 1144 928 Sansie,
1174 840 1209 907 ἃ
1230 835 1272 907 fic
1292 863 1351 933 per
1374 861 1506 908 crucem

475 940 633 1013 intrabitis
645 945 679 1014 in
693 970 832 1041 regnum
845 942 991 1015 celorum
1004 947 1039 1014 ὅ(
1055 942 1097 1014 src
1109 942 1259 1016 videbitis
1275 944 1405 1039 al'petiu
1426 941 1506 1016 desr·

477 1046 654 1120 derabilem
678 1054 713 1122 &
738 1049 941 1122 ineffabiliter
967 1049 1205 1122 deleuabilem.
1240 1049 1337 1123 Unde
1372 1082 1389 1113 o
1414 1057 1506 1122 Beati

478 1161 585 1226 mundo
603 1162 702 1249 corde,
723 1189 741 1222 ³>
762 1162 826 1229 &a
844 1156 986 1246 (Matth,
1003 1179 1038 1248 V,
1057 1156 1107 1253 8).

527 1266 619 1336 ltem:
636 1267 725 1336 Sicut
738 1289 865 1360 pannus
879 1262 1016 1335 abluitur
1032 1265 1119 1360 prius
1133 1291 1245 1335 amara
1264 1265 1417 1335 lexiva&
1431 1263 1505 1359 pos·

478 1393 529 1440 tea
555 1396 641 1466 aqua
662 1371 750 1442 dulci
774 1376 808 1443 ὃς
830 1371 950 1462 calida,
977 1369 1020 1442 stc
1041 1373 1153 1442 anima
1174 1373 1263 1466 prius
1287 1370 1428 1443 abluitur
1448 1396 1507 1467 per

478 1474 726 1550 tribulacionem
756 1505 902 1550 amatam
932 1481 966 1549 &
994 1479 1107 1573 postea
1138 1503 1196 1574 per
1224 1477 1410 1567 lacrimam,
1442 1503 1506 1573 que

478 1583 619 1679 sequitur
640 1582 899 1675 tribulacionem,
926 1609 989 1679 que
1007 1585 1105 1656 etiam
1125 1581 1230 1654 calida
1251 1582 1367 1655 effetta
1389 1585 1433 1654 est
1448 1610 1507 1681 per

477 1692 717 1762 contricionem
728 1695 762 1762 δι
777 1690 1046 1762 recordationem
1059 1693 1296 1786 preteritorum.
1311 1691 1366 1761 Pet
1378 1715 1508 1762 motum

477 1798 625 1869 enimin
655 1798 829 1895 complexu
855 1811 992 1869 natum1
1010 1799 1165 1868 excitatur
1192 1796 1282 1867 calor
1312 1796 1506 1885 naturaliter,

475 1903 609 1975 lacrime
622 1930 731 1977 autem
745 1933 803 2003 pet
815 1932 927 1977 veram
939 1904 1049 1975 cordis
1062 1905 1364 2000 compunccionem
1376 1900 1508 1983 effluen-

479 2034 525 2081 tes
543 2010 652 2083 dulces
672 2017 706 2084 &
724 2011 931 2083 delectabiles
949 2033 1043 2082 erunt
1059 2014 1093 2082 in
1111 2011 1289 2107 conspesiu
1303 2012 1381 2102 Dei,
1400 2035 1509 2082 exem-

478 2117 570 2214 plum
579 2144 670 2215 patet
682 2121 715 2191 in
726 2117 821 2191 beata
830 2120 932 2189 Maria
941 2115 1147 2214 Magdalena.
1158 2117 1265 2187 Patere
1274 2118 1380 2187 eciam
1393 2116 1509 2212 potest,
1522 2136 1546 2179 a
1558 2134 1575 2182 f.
1586 2135 1614 2181 61
1624 2152 1644 2194 a,
1655 2153 1674 2184 c.
1686 2149 1705 2181 r.

478 2224 571 2319 quod
583 2225 690 2295 minus
704 2225 836 2321 placent
852 2225 985 2294 lacrime
999 2225 1074 2294 Deo
1092 2249 1131 2293 ex
1144 2249 1220 2294 veta
1233 2224 1419 2318 penitencia
1433 2248 1509 2319 pro·
1723 2299 1724 2304 χ

479 2330 630 2402 cedentes
648 2356 706 2427 per
723 2332 799 2423 hoc,
819 2330 911 2428 quod
924 2332 1089 2400 Dominus
1103 2328 1216 2402 videns
1235 2329 1403 2400 Ierusalem
1420 2328 1510 2402 flevit
1723 2327 1724 2354 ³

478 2438 668 2533 supeream
690 2437 813 2528 dicens,
842 2471 859 2502 <r
883 2443 920 2509 Si
941 2440 1127 2532 cognoviffes
1144 2437 1174 2506 δ
1192 2441 1237 2506 ‘su
1258 2467 1275 2500 u
1300 2437 1403 2529 (Luc,
1428 2456 1508 2528 xlx,

476 2547 551 2639 42).
575 2543 752 2643 Plangebat
775 2547 864 2615 enim
881 2545 1045 2615 Dominus
1067 2567 1268 2639 peccatores,
1291 2544 1347 2637 qui
1364 2545 1510 2616 exultant

477 2652 512 2720 in
526 2650 620 2723 rebus
633 2652 786 2748 pessimis,
801 2653 867 2745 qui,
881 2649 902 2721 sr
915 2652 1006 2721 suam
1020 2649 1277 2720 damnacionem
1292 2648 1509 2745 providerent,

478 2757 598 2853 seipsos
616 2759 669 2830 vix
685 2758 841 2855 plangere
858 2754 1023 2847 cessarent,
1041 2755 1096 2828 sed
1113 2754 1171 2853 ipsr
1188 2757 1221 2827 in
1239 2752 1511 2851 perversitatesua

479 2862 547 2935 dies
563 2865 638 2935 suos
655 2863 697 2934 src
714 2862 852 2950 ducunt,
881 2863 972 2959 quod
995 2860 1052 2959 ipsr
1073 2865 1108 2934 in
1130 2861 1362 2958 temporalium
1385 2859 1509 2934 habun-

479 2969 597 3041 dancia
617 2968 674 3041 fibi
694 2996 814 3068 pacem
835 2972 927 3041 suam
948 2971 1123 3068 prefigunt,
1151 2996 1215 3065 que
1237 2970 1352 3066 pocius
1375 2994 1444 3038 non
1466 2967 1511 3040 est

478 3104 554 3175 pax,
577 3079 747 3175 cumipse,
771 3103 896 3174 quanto
920 3079 1025 3176 magis
1047 3078 1091 3148 est
1113 3075 1266 3168 affluens,
1288 3099 1381 3146 tanto
1405 3075 1509 3171 plures

479 3182 630 3255 cordium
651 3186 908 3281 inquietationes
929 3183 1063 3256 influere
1086 3185 1174 3276 facit,
1196 3187 1267 3254 &a
1290 3185 1365 3254 Deo
1388 3182 1510 3278 plus&

479 3292 550 3388 plus
567 3293 713 3362 animam
729 3292 859 3362 alienat.
883 3293 1054 3390 Fugiamus
1071 3317 1152 3389 ergo
1169 3289 1284 3366 fiscum
1304 3315 1413 3360 rerum
1430 3305 1526 3358 tem-‘

477 3399 651 3495 puralium,
674 3424 709 3469 ut
731 3399 897 3470 evolemus
915 3397 958 3469 ad
977 3423 1098 3488 eterna,
1121 3395 1302 3469 recolentes
1319 3393 1400 3465 illud
1424 3396 1510 3465 Gre-

479 3507 574 3604 gorij,
599 3538 618 3570 t<
637 3511 722 3576 Satis
743 3508 916 3598 eslalt‘enus
935 3536 952 3576 a
968 3511 1046 3596 fide,
1070 3513 1122 3598 qui
1145 3509 1183 3576 od
1204 3507 1353 3599 agendam
1372 3509 1510 3600 peniten-

478 3618 555 3682 ciam
569 3639 701 3707 tempora
707 3617 874 3707 senedutis
886 3617 1051 3708 exspeslau
1065 3614 1249 3681 metuendum
1263 3637 1391 3701 numque
1401 3614 1450 3699 est,
1462 3635 1509 3694 rte,

478 3723 547 3789 dum
555 3724 662 3816 sperat
679 3722 929 3814 misericordiam,
950 3722 1065 3789 ineidat
1082 3726 1114 3788 itt
1133 3722 1293 3788 iudicium.
1308 3747 1326 3779 u
1371 3784 1376 3794 ,

773 3881 824 3946 De
841 3904 929 3946 carne
947 3876 978 3945 θ’
995 3881 1062 3946 eius
1079 3877 1216 3944 deliciis.

530 4041 564 4107 ln
581 4033 663 4106 libro
685 4037 812 4134 Regum
835 4033 962 4125 dicitur,
989 4031 1081 4129 quod
1104 4031 1170 4102 due
1191 4030 1341 4102 mulieres
1360 4025 1513 4126 oppresse

481 4144 569 4216 same
591 4141 807 4213 comederunt
833 4167 972 4238 puerum
999 4139 1127 4211 alterius
1157 4138 1296 4228 illarum,
1326 4141 1361 4210 ἃ
1389 4137 1513 4234 reliqua

516 4305 526 4338 r
542 4288 574 4353 A,
585 4285 754 4357 Bcomplexio
766 4294 834 4336 nato.
853 4341 855 4346 ,
