3466 5110
441 379 484 429 20
835 371 1052 424 ORDINACIO

443 496 689 504 —m--m-
693 495 745 501 ...η-.-
750 495 771 501 -
780 494 980 500 „vn-m
984 492 1162 500 -.----------.-

438 591 546 664 cordis
560 590 602 662 ad
614 589 802 661 crucifixum
811 615 872 686 pro
886 614 918 661 te
931 589 1118 686 suspensum
1127 591 1161 659 in
1174 613 1280 676 cruce,
1291 589 1467 684 &sequere

438 705 504 772 me!
541 699 719 770 Eustachius
738 701 772 769 &
789 696 978 788 Gausridus,
996 697 1111 768 milites
1128 694 1333 768 flandrenses
1351 699 1386 766 &
1404 697 1469 768 fra-

438 832 511 899 tres,
520 806 562 878 ad
569 808 712 878 invicem
724 830 882 878 venerunt
890 807 923 875 in
932 806 1067 876 Terram
1079 806 1242 891 Santstam,
1254 808 1289 875 &
1301 805 1336 874 in
1353 805 1469 901 ampli·

438 913 547 986 cando
557 912 737 984 Gausridus
754 940 854 1011 grave
871 915 989 983 vulnus
1007 913 1129 1007 recepit
1145 915 1190 1002 &‚
1208 936 1386 1005 antequam
1402 912 1471 1009 ipse

438 1023 611 1110 sanaretur,
630 1020 803 1091 Christiani
815 1045 892 1089 cum
904 1020 1084 1090 Sarracenis
1099 1016 1222 1089 bellum
1232 1020 1384 1109 inierunt,
1394 1044 1471 1089 cum

438 1131 505 1226 ipse
532 1126 725 1219 Gausridus‚
750 1127 935 1197 infirmitate
958 1128 1100 1198 vulneris
1129 1150 1291 1224 gravatus,
1320 1124 1470 1198 interesse

439 1261 508 1306 non
534 1237 642 1331 potuit
666 1237 701 1304 &
725 1235 800 1305 ideo
828 1235 956 1331 rogavit
981 1234 1111 1304 fratrem
1140 1235 1231 1304 suum
1259 1233 1470 1325 Eustachium,

440 1340 533 1438 quod
551 1341 616 1438 ipse
635 1367 703 1411 non
720 1343 851 1414 intraret
865 1338 998 1431 bellum,
1013 1338 1068 1411 sed
1081 1366 1139 1436 per
1151 1361 1202 1412 xv
1219 1339 1286 1412 dies
1304 1342 1469 1438 exspesla·

439 1473 498 1538 ret,
512 1446 620 1520 donec
633 1476 691 1546 per
700 1451 763 1519 Dei
776 1450 931 1545 graciam,
941 1448 1075 1520 sanitate
1089 1472 1288 1544 recuperata,
1303 1449 1470 1519 consortes

433 1554 562 1644 ,bellum
595 1558 723 1627 inirent.
761 1554 942 1653 Respondit
968 1580 1077 1626 autem
1106 1554 1285 1626 Eustachius
1311 1579 1470 1649 tanquam

440 1689 532 1736 verus
550 1663 640 1734 miles
659 1663 778 1733 Christi
794 1663 992 1759 cupiensque
1010 1665 1132 1754 dissolri
1149 1663 1249 1756 &effe
1268 1691 1332 1732 cum
1351 1666 1469 1754 Cltrt'sto

441 1770 542 1863 (Phil,
572 1789 595 1861 Ι,
624 1773 684 1866 23)
707 1803 715 1840 r
742 1767 879 1840 Differre
901 1769 992 1860 nol0,
1026 1771 1106 1864 quin
1135 1767 1294 1841 invadam
1318 1770 1507 1839 inimicosn
1524 1787 1541 1834 f.
1551 1789 1580 1849 ⁶3
1590 1804 1611 1846 a,
1622 1805 1641 1834 c.
1652 1802 1672 1834 1.

441 1875 594 1966 crucifixi,
614 1884 695 1946 ‹tkar
714 1902 806 1970 grant
827 1903 974 1970 waninge
991 1884 1113 1947 oueroie
1130 1881 1168 1946 de
1184 1885 1269 1946 venir
1296 1883 1401 1946 tlDeu
1423 1903 1469 1947 xv.
1566 1906 1569 1916 ¹

442 1989 505 2053 t‘urs
518 1987 592 2078 plus
608 2009 652 2052 rot
664 1991 698 2052 ke
714 2011 779 2072 vus,
790 2014 808 2044 υ
820 1985 855 2052 &
867 1984 925 2053 ivit
934 1985 968 2053 in
978 1981 1100 2054 bellum
1112 1986 1280 2075 &martyr
1289 1985 1353 2054 Dei
1367 1984 1471 2054 sacius

442 2093 495 2161 est.
535 2092 612 2160 Hoc
630 2088 742 2160 audito
770 2114 909 2159 amatre
927 2091 1083 2185 ipsorum,
1101 2088 1331 2185 ipsalaudavit
1350 2091 1471 2180 Deum,

442 2196 533 2294 quod
554 2199 622 2293 ipse
650 2199 695 2267 ita
724 2197 895 2291 respexerit
919 2223 1007 2283 eam,
1034 2196 1125 2292 quod
1148 2199 1217 2294 ipsa
1241 2196 1346 2268 silium
1374 2197 1472 2268 talem

442 2306 578 2403 peperit,
602 2305 657 2400 qui
679 2306 709 2374 ei
723 2305 783 2374 fuit
799 2303 975 2400 placabilis.
995 2305 1080 2394 Socij
1100 2304 1208 2376 iacobi
1225 2304 1266 2376 de
1283 2305 1472 2378 Aventhnes

441 2413 551 2483 militis
570 2411 742 2482 dixerunt:
762 2413 846 2500 Socij
867 2411 981 2481 nostris
996 2437 1112 2482 omnes
1129 2414 1323 2501 moriuntur,
1342 2410 1473 2482 receda-

441 2547 548 2590 musa
565 2519 741 2609 Saracenis
761 2522 796 2589 δε
818 2515 953 2589 lacobus
977 2516 1067 2609 dixit,
1094 2551 1112 2582 <r
1123 2524 1176 2589 lou
1192 2525 1268 2590 iret'e
1278 2521 1352 2612 plus
1370 2521 1473 2590 volen-

441 2633 514 2696 tt'ers
532 2629 563 2696 Ιὰ
578 2656 595 2695 u
609 2653 664 2696 nus
678 2633 764 2695 home
776 2655 812 2695 ne
828 2654 874 2695 me
888 2633 1048 2716 conestreir.
1058 2659 1075 2690 u
1096 2625 1137 2696 Ex
1151 2651 1217 2720 quo
1231 2653 1312 2724 ergo
1325 2626 1475 2695 morituri

399 2819 403 2828 ι
441 2735 522 2824 estis,
540 2735 658 2830 surgite
677 2732 807 2822 scilicet,
825 2756 860 2810 ut
876 2734 910 2802 in
927 2757 1034 2803 morte
1047 2736 1082 2803 ἃ
1094 2758 1154 2829 per
1170 2758 1313 2806 mortem
1326 2735 1473 2804 invenia-

441 2867 513 2910 mus
529 2842 647 2912 vitam!

492 2952 582 3018 ltem:
592 2949 624 3018 Si
637 2948 707 3041 quis
720 2944 843 3017 habens
854 2946 1012 3017 talentum
1026 2973 1095 3018 non
1109 2947 1215 3042 ipsum
1228 2944 1334 3042 pollet
1347 2949 1474 3045 semper

442 3056 588 3143 retinere,
610 3051 665 3124 sed
687 3077 855 3148 oporteret
878 3050 919 3122 de
937 3051 1118 3124 necessitate
1140 3076 1181 3123 eo
1209 3077 1327 3142 carere,
1354 3057 1389 3124 &
1405 3056 1472 3152 ipse

442 3188 503 3258 pro
521 3162 591 3258 ipso
610 3160 702 3231 bono
721 3161 844 3230 talento
862 3157 987 3230 bonam
1004 3160 1149 3254 aliquam
1165 3160 1329 3230 civitatem
1347 3162 1400 3233 vel
1416 3162 1471 3232 ali·

443 3266 535 3364 quod
552 3269 656 3338 maius
674 3267 801 3338 bonum
818 3269 895 3337 iuste
912 3269 946 3337 &
963 3265 1098 3363 pacifice
1117 3264 1225 3363 pollet
1241 3263 1370 3359 habere,
1388 3295 1471 3339 non-

443 3402 484 3446 ne
510 3375 615 3444 fatuus
639 3373 727 3460 esset,
757 3373 778 3444 fi
803 3376 909 3470 ipsum
933 3398 994 3470 pto
1018 3375 1147 3470 penitus
1174 3373 1276 3443 nihilo
1296 3372 1404 3465 daret,
1421 3375 1473 3447 vel

442 3483 549 3577 ipsum
562 3479 732 3552 amittendi
749 3482 804 3577 spe
816 3483 851 3551 in
865 3479 1021 3578 ambiguo
1041 3483 1208 3552 retineret?
1225 3480 1400 3552 Talentum
1415 3481 1473 3553 tibi

444 3585 654 3658 commissum
679 3585 788 3678 habes,
817 3588 938 3658 scilicet
965 3591 1066 3660 vitam
1088 3587 1318 3684 temporalem,
1341 3615 1406 3684 qua
1430 3588 1471 3660 de

444 3693 625 3766 necessitate
643 3693 775 3786 carebis,
798 3697 959 3790 quoniam
978 3697 1061 3766 mori
1085 3691 1200 3766 esttibi
1215 3694 1411 3768 inevitabile.
1431 3695 1472 3768 Ex

446 3827 513 3897 quo
536 3827 615 3898 ergo
640 3803 769 3896 potestis
790 3829 852 3898 pro
878 3829 916 3872 ea
941 3800 1059 3872 habere
1085 3799 1242 3899 gaudium
1269 3825 1417 3873 eternum
1437 3807 1472 3874 &

445 3912 570 3998 Deum,
605 3934 671 4003 quo
705 3909 784 3980 nihil
812 3911 855 3980 est
888 3910 1018 3999 melius,
1057 3911 1163 3981 fatuus
1192 3937 1244 3999 es,
1277 3907 1299 3978 sr
1332 3913 1473 4008 respuasj

445 4017 592 4087 moriaris
609 4042 688 4114 ergo
707 4018 740 4085 in
759 4042 853 4087 cruce
878 4043 939 4113 pro
962 4016 1103 4108 Christo,
1133 4021 1168 4088 &
1187 4018 1294 4114 ipsum
1321 4017 1471 4093 habebis!
1485 4043 1665 4108 Attum.

446 4123 547 4226 Surge
565 4149 657 4227 ergo,
667 4127 755 4224 sume
772 4151 884 4197 crucem
910 4152 1016 4213 meam,
1036 4127 1100 4196 &c
1122 4123 1265 4220 (Maon,
1294 4145 1370 4214 XVI,
1400 4137 1470 4224 24).
