3466 5110
457 419 506 471 nn
532 417 818 473 premonemur
844 421 869 472 s.
901 422 1042 475 exucrs.
1220 421 1262 502 25

237 640 390 712 audacter
406 645 441 712 ἀ
458 643 548 713 sume
574 646 725 714 crucem!
745 640 893 738 Quidam
921 642 1011 713 miles
1037 667 1150 738 captus
1169 643 1229 714 fuit
1246 669 1266 714 a

237 750 402 820 Saracenis
420 753 454 820 &
468 751 632 846 suspensus
645 748 688 820 ad
709 776 850 840 murum,
864 747 919 821 ubi
932 751 1005 821 saxa
1018 749 1189 840 cadebant,
1203 777 1266 846 que

237 855 409 926 Christiani
421 854 640 953 proiiciebant
652 854 694 926 ad
708 855 937 927 destruendum
952 883 1094 943 murum,
1108 860 1143 927 ἃ
1156 857 1266 929 Chris·

237 964 315 1032 tiani
328 965 487 1060 proiicere
501 961 664 1034 cessabant
678 963 754 1033 illuc
766 961 902 1058 lapides,
916 965 992 1058 quia
1006 963 1141 1034 militem
1156 965 1269 1034 timue-

238 1093 312 1140 runt
329 1068 481 1140 occidere
500 1068 544 1141 ihi
562 1070 755 1166 suspensum.
792 1069 896 1165 Quod
915 1069 1028 1141 videns
1047 1071 1138 1141 miles
1155 1073 1268 1141 coniu-

238 1178 320 1248 ravit
332 1204 391 1273 per
408 1175 625 1274 aspersionem
638 1177 802 1273 sanguinis
822 1177 907 1248 ihesu
926 1177 1045 1247 Christi
1058 1177 1269 1267 Christianos,

239 1282 332 1378 quod
350 1281 406 1379 ipsr
425 1308 562 1381 propter
585 1310 661 1355 eum
680 1287 759 1354 non'
769 1283 936 1373 cessarent,
965 1286 999 1354 ὅ(
1024 1282 1081 1382 ipsr
1105 1284 1182 1355 ideo
1200 1309 1269 1356 non

239 1387 416 1482 cessabant,
433 1390 489 1462 sed
502 1393 710 1489 proiecerunt
724 1389 881 1488 lapidem,
896 1393 952 1485 qui
968 1417 1027 1489 per
1045 1392 1109 1462 Dei
1125 1393 1271 1488 graciam

239 1496 387 1594 percuffit
412 1498 505 1569 sunes
527 1501 561 1569 ὅ(
588 1524 727 1594 pannos,
743 1525 802 1594 per
827 1524 910 1593 quos
935 1496 1101 1596 pendebat
1118 1498 1209 1568 miles
1227 1494 1271 1567 ad

239 1630 381 1693 murum,
397 1606 485 1701 rupit
503 1631 571 1696 eos,
588 1609 622 1676 ἀ
640 1605 731 1676 miles
747 1603 899 1676 liberatus
914 1606 958 1676 est
970 1608 1004 1675 ἀ
1017 1605 1119 1677 salvus
1133 1606 1273 1676 cucurrit

29 1734 156 1796 sst215a.
169 1751 190 1782 c.
204 1748 223 1780 1.
240 1709 283 1782 ad
301 1711 512 1783 Christianos.
531 1713 643 1799 Nolite
658 1739 738 1810 ergo
757 1710 904 1783 diffidere
923 1711 965 1783 de
982 1712 1124 1814 Christo,
1144 1710 1199 1782 sed
1220 1710 1272 1781 fir·

240 1845 332 1889 marn
350 1817 451 1889 fidem
468 1816 625 1891 habentes
646 1822 679 1889 in
698 1819 862 1891 Christum
879 1822 913 1890 ὅ(
928 1817 1120 1890 defiderium
1136 1816 1180 1888 ad
1197 1843 1273 1888 eum

241 1925 404 2016 veniendi,
426 1927 545 2023 surgite
571 1952 629 2022 per
646 1923 862 2023 aspersionem
880 1927 1054 2024 sanguinis,
1073 1951 1184 2020 quam,
1211 1950 1272 2021 pro

241 2031 337 2104 nobis
355 2031 480 2124 effudit,
497 2036 532 2103 ἃ
545 2034 719 2129 sequimini
732 2058 808 2102 eum
825 2034 858 2101 in
877 2037 985 2104 cruce!
1004 2031 1153 2126 Quidam
1170 2031 1273 2121 miles,

240 2142 275 2210 in
288 2137 375 2211 bello
386 2143 634 2232 Saracenorum,
651 2141 834 2212 vulneratus
848 2164 989 2234 quatuor
1002 2137 1166 2228 militibus,
1184 2137 1275 2209 audi·

242 2249 298 2337 vit,
325 2246 417 2344 quod
434 2247 556 2319 medici
574 2247 729 2333 dicerent,
756 2247 810 2316 illa
827 2246 962 2331 vulnera
981 2242 1045 2316 esse
1063 2245 1224 2336 mottasia,
1241 2247 1275 2315 ὅ(

243 2355 309 2450 ipse
323 2358 410 2452 cepit
422 2381 512 2425 arma
525 2357 590 2447 sira,
604 2381 668 2451 que
681 2356 749 2451 ipse
764 2353 1004 2450 deposuerat,&
1018 2351 1116 2423 dixit:
1132 2385 1150 2416 α
1159 2353 1276 2422 Domi-

246 2493 263 2524 «
278 2488 337 2532 nus
350 2488 442 2533 meus
457 2463 560 2534 ihesus
573 2463 717 2533 Christus
728 2459 835 2557 passus
846 2461 906 2530 suit
920 2486 980 2557 pro
990 2486 1043 2530 me
1053 2461 1199 2555 quinque
1207 2460 1276 2530 vul-

38 2597 61 2640 Α
73 2594 161 2655 to4b,
173 2609 193 2641 c.
205 2609 229 2642 ι.
245 2599 264 2631 cr
277 2595 365 2660 nera,
378 2572 413 2639 ἃ
427 2595 492 2667 ego
511 2568 626 2641 redibo
640 2571 673 2641 in
688 2567 811 2640 bellum
822 2571 855 2639 ὅ(
868 2568 980 2664 paciar
993 2592 1055 2663 pro
1071 2592 1112 2637 eo
1126 2567 1277 2661 quintum

245 2706 263 2738 cr
275 2675 403 2765 vulnus,
415 2679 492 2771 quia
510 2701 623 2770 quater
640 2673 747 2773 passus
768 2675 846 2764 sum,
855 2707 871 2738 u
888 2676 922 2744 δε
936 2699 1012 2744 cum
1030 2697 1171 2743 armatus
1189 2669 1278 2764 esset,

243 2781 339 2854 rediit
355 2783 388 2854 in
407 2780 530 2853 bellum
546 2786 581 2853 ἃ
607 2782 727 2853 multos
746 2780 867 2852 occidit
885 2782 1076 2852 Sarracenos
1095 2781 1129 2850 ἃ
1147 2778 1278 2876 cadens,

245 2889 362 2984 quinto
382 2888 515 2960 vulnere
534 2911 678 2984 receptu,
697 2884 838 2958 reddidit
851 2887 996 2983 spiritum
1010 2885 1150 2956 Christo.
1178 2886 1280 2982 Surge

245 3020 280 3066 tu
299 3021 390 3094 erg0,
409 2997 466 3090 qui
491 2997 538 3066 vis
555 2992 691 3066 reddere
708 2995 855 3091 spiritum
872 2992 1013 3079 Christo,
1032 2994 1095 3062 &c
1130 2990 1280 3088 Quidam

245 3103 336 3174 miles
349 3105 383 3173 in
403 3127 524 3198 campo
545 3127 612 3172 erat
626 3102 741 3172 contra
758 3103 935 3172 Saracenos
952 3101 986 3168 &
1005 3097 1083 3169 dixit
1101 3125 1188 3194 equo
1202 3099 1279 3169 suo:

248 3241 266 3274 a
278 3210 424 3298 Morelse‚
443 3208 591 3301 morelse,
608 3209 726 3305 pluries
742 3208 836 3278 tulisti
853 3208 886 3277 in
904 3205 1027 3278 bellum
1046 3231 1121 3276 cum
1137 3204 1281 3276 laude&

248 3349 266 3380 c«
277 3317 424 3406 victoria,
438 3314 494 3388 sed
508 3342 679 3410 nunquam
697 3312 776 3386 ficut
793 3313 905 3404 hodie,
915 3314 992 3407 quia
1009 3311 1109 3383 hodie
1129 3313 1210 3383 seres
1227 3340 1281 3384 me

249 3455 268 3487 <r
279 3420 321 3494 ad
338 3426 440 3496 vitam
454 3446 601 3495 eternam
617 3455 634 3486 ι)
648 3425 693 3515 &,
703 3420 848 3521 pluribus
866 3419 908 3493 ab
925 3447 965 3492 eo
985 3418 1106 3509 occisis,
1121 3421 1223 3491 fassus
1237 3418 1281 3490 est

247 3554 368 3622 martyr
386 3532 419 3602 in
439 3531 600 3601 Domino.
620 3532 721 3628 Surge
739 3555 818 3627 ergo
832 3531 867 3600 ἃ
879 3529 946 3599 esso
964 3553 1085 3619 martyr
1097 3527 1228 3617 Christi,
1242 3551 1282 3596 ex

248 3663 315 3733 quo
330 3635 378 3727 fis,
398 3633 491 3731 quod
509 3633 635 3707 necesse
647 3638 702 3724 est,
722 3660 753 3707 te
766 3636 861 3725 mori,
879 3637 942 3706 ἃς.

296 3741 446 3841 Qidam
460 3743 553 3813 miles
567 3744 670 3840 Hugo
685 3747 820 3813 nomine
834 3740 876 3813 de
892 3741 980 3812 Bello
995 3742 1129 3837 Campo
1142 3741 1176 3809 in
1191 3737 1279 3809 hello

246 3853 487 3922 Saracenorum
501 3874 636 3947 portans
649 3876 759 3920 veram
776 3849 920 3919 Crucem
934 3849 1058 3919 occisus
1076 3848 1120 3919 est
1133 3849 1167 3918 ἃ
1184 3843 1280 3916 dixit:

249 3991 267 4022 «
284 3960 466 4054 Nunquam
480 3956 526 4027 sui
543 3958 578 4027 in
591 3954 679 4027 bello
694 3981 814 4052 campo
834 3953 890 4025 nifi
908 3954 1020 4045 hodie,
1039 3957 1073 4024 ἀ
1090 3977 1203 4024 tamen
1220 3977 1281 4020 no·

249 4095 267 4127 (τ
278 4065 388 4136 minor
405 4062 446 4134 de
471 4063 560 4134 Bello
586 4062 742 4159 Campo,
772 4062 876 4160 surge,
903 4085 939 4131 ut
959 4062 1069 4132 venias
1099 4058 1141 4131 ad
1159 4056 1281 4129 bellum

247 4203 266 4236 α
276 4175 446 4268 campum!
456 4202 474 4233 u
486 4171 563 4240 Hoc
572 4171 616 4240 est
631 4174 778 4267 ingeram
793 4168 834 4240 de
849 4170 962 4256 Boves,
976 4165 1066 4263 quod
1077 4167 1169 4237 miles
1184 4163 1282 4237 dixit:

1141 4316 1159 4362 4
