3466 5110
463 364 513 441 44
596 389 599 396 ι
917 361 1044 414 ousta

322 580 587 674 ¹21⁸·1219afflicli,
614 567 692 652 cum
708 581 811 652 musta
834 581 1005 678 paciencia
1031 581 1212 679 migrarunt
1237 581 1280 653 ad
1298 582 1492 656 Dominum.

467 687 615 786 Qidam
632 712 741 760 autem
753 688 853 784 usque
867 686 909 758 ad
927 712 1057 784 tempus
1070 689 1202 761 vernale
1215 687 1378 781 durantes,
1396 686 1493 760 bene·

466 795 542 866 ficio
562 795 678 866 caloris
696 794 865 866 evaserunt
881 795 1069 890 periculum.
1096 796 1166 866 Post
1183 795 1305 868 elissam
1323 796 1494 892 tempesta·

466 926 535 974 tem
552 927 649 973 naves
665 903 783 972 iterum
800 898 999 998 parabantur
1015 901 1058 972 ad
1075 900 1241 974 transitum
1257 901 1411 994 fluminis,
1431 927 1495 997 que

467 1034 543 1080 cum
560 1032 685 1105 magno
711 1007 860 1104 periculo
874 1009 996 1078 sursum
1008 1006 1218 1082 ascendentes
1234 1011 1318 1081 inter
1330 1011 1496 1083 civitatem

466 1119 501 1187 &
527 1115 640 1186 turrim
662 1138 794 1211 captam
819 1115 977 1185 machinis
1001 1118 1036 1186 &
1056 1116 1134 1213 igne
1159 1143 1260 1215 greco
1283 1143 1360 1189 curn
1384 1116 1496 1188 iaculis

467 1221 643 1318 plurimum
659 1220 733 1290 sunt
748 1219 916 1318 impedite.

515 1326 613 1400 Unde
630 1327 759 1422 accidit,
777 1354 812 1402 ut
824 1357 890 1401 una
903 1357 943 1403 ex
959 1329 1096 1403 navibus
1109 1331 1370 1426 templariorum,
1385 1331 1420 1402 vi
1432 1354 1496 1401 tor·

466 1437 692 1532 rentis¹lrapta,
703 1462 808 1533 prope
817 1439 922 1534 ripam
931 1438 1067 1511 civitatis
1076 1436 1371 1535 precipitareturad
1379 1436 1497 1527 hostes,

467 1545 613 1638 quicum
630 1541 775 1615 barbotis
787 1547 822 1615 &
836 1545 961 1615 uncinis
976 1545 1082 1616 ferreis
1095 1546 1199 1641 ipsam
1212 1547 1497 1642 impugnaverant,
1511 1569 1547 1628 u,
1558 1587 1580 1632 ρ.
1592 1584 1676 1632 231,e.
1686 1586 1704 1617 2.

466 1652 580 1748 ignem
606 1675 740 1748 grecum
769 1676 845 1721 cum
861 1650 1024 1747 lapidibus
1054 1649 1095 1723 de
1114 1649 1251 1723 turribus
1277 1653 1495 1748 proiicientes.

467 1756 501 1827 Et
526 1782 603 1827 cum
624 1754 665 1827 src
692 1757 857 1852 prevalere
877 1784 947 1829 non
972 1756 1103 1854 possent
1132 1784 1266 1855 propter
1289 1759 1499 1830 defensorum

467 1862 650 1953 audaciam,
676 1889 795 1936 navem
813 1879 828 1911 ²
847 1863 1057 1939 ascendentes
1082 1864 1125 1936 ad
1141 1865 1330 1962 templarios
1346 1864 1498 1937 ascende·

467 1996 552 2062 runt,
569 1968 626 2042 ubi
643 1997 719 2042 cum
737 1969 907 2043 diutissime
924 1997 1135 2070 pugnaretur,
1158 1971 1294 2046 tandem
1312 1975 1401 2047 navis
1425 1998 1498 2069 per·

469 2077 585 2170 forata,
606 2078 669 2152 five
686 2079 728 2154 ab
744 2078 899 2170 hostibus,
925 2078 987 2153 srve
1005 2108 1025 2151 a
1042 2082 1168 2172 nostris,
1194 2081 1344 2172 nescitur,
1362 2081 1498 2176 profun-

469 2185 548 2256 dum
569 2188 669 2284 peciit
692 2184 903 2285 submergens
925 2187 1080 2286 Egyptios
1100 2213 1178 2259 curn
1195 2188 1371 2258 christianis
1399 2185 1496 2276 adeo,

467 2319 503 2365 ut
526 2293 604 2364 mali
621 2294 787 2365 summitas
813 2295 906 2390 super
934 2321 1055 2391 aquam
1080 2297 1133 2368 vix
1158 2319 1340 2392 appareret,
1367 2298 1402 2365 &
1421 2292 1500 2365 srcut

467 2400 603 2472 Samson
629 2402 772 2472 moriens
794 2400 900 2496 plures
926 2403 1034 2475 stravit
1060 2428 1161 2497 quam
1185 2404 1307 2492 vivens,
1338 2399 1379 2471 sic
1400 2404 1435 2471 ἅ
1450 2401 1499 2471 isti

466 2532 622 2599 martyres
634 2524 646 2570 ³
658 2508 764 2605 plures
775 2509 885 2580 secum
894 2534 1057 2580 traxerunt
1069 2509 1104 2579 in
1117 2535 1201 2605 aque
1215 2510 1384 2607 voragine,
1397 2534 1498 2604 quam

467 2613 583 2712 gladiis
602 2615 782 2687 interficere
801 2613 990 2713 potuissent,
1015 2641 1157 2712 cumque
1179 2618 1265 2688 cives
1282 2617 1435 2687 Damiate
1449 2617 1497 2687 in·
1513 2642 1705 2702 V.,s'.810,c.1.

468 2722 649 2792 fortunium
664 2722 758 2792 suurn
772 2724 918 2818 quinque
932 2720 1046 2794 diebus
1061 2720 1268 2821 planxissent,
1286 2720 1403 2793 exinde
1415 2747 1499 2818 pon·

467 2853 534 2900 tem
547 2852 731 2923 reparantes
749 2853 934 2924 aperturam
948 2828 1032 2900 adeo
1051 2829 1249 2925 reliquerunt
1266 2829 1449 2927 angustam,
1465 2855 1501 2901 ut

467 2957 565 3004 naves
583 2936 689 3005 nostre
706 2931 770 3005 srne
787 2935 932 3031 periculo
950 2933 1079 3008 transire
1096 2961 1166 3007 non
1183 2931 1326 3032 possent.
1357 2935 1500 3006 Theuto-

467 3040 533 3109 nici
542 3066 621 3111 vero
633 3044 668 3112 &
679 3042 832 3130 frisones,
844 3042 916 3113 zelo
929 3043 1007 3113 iuste
1022 3041 1265 3142 indignacionis
1278 3040 1413 3133 accensr,
1423 3068 1500 3114 cum

468 3147 605 3219 minima
623 3147 708 3239 navi,
735 3149 820 3246 galia
841 3174 1040 3244 nuncupata,
1067 3173 1205 3245 pontem
1229 3147 1361 3221 viriliter
1376 3149 1499 3220 invase·

468 3279 552 3346 runt,
578 3258 613 3325 ἅ
636 3256 696 3328 viri
716 3281 787 3326 non
808 3256 914 3352 plures
941 3281 1041 3351 quam
1063 3255 1179 3327 decem
1204 3281 1281 3326 curn
1298 3257 1363 3327 Dei
1380 3257 1498 3328 auxilio

470 3385 584 3433 contra
621 3389 757 3435 omnem
793 3363 1051 3458 Babyloniorum
1084 3362 1328 3436 multitudinem
1361 3389 1499 3459 pontem

470 3467 690 3559 ascendentes,
705 3496 777 3542 cetu
791 3472 966 3562 christiano·
975 3472 1141 3567 speslante
1155 3474 1190 3542 &
1202 3471 1289 3542 hanc
1301 3468 1500 3566 probitatem

469 3575 646 3672 plurimum
659 3578 846 3669 extollente,
864 3579 1030 3676 fregerunt
1046 3581 1081 3649 δε
1092 3575 1134 3648 src
1151 3603 1228 3648 cum
1241 3602 1396 3674 quattuor
1410 3579 1499 3649 navi·

469 3681 540 3774 bus,
558 3684 652 3782 supet
664 3711 745 3780 quas
759 3711 826 3756 erat
838 3711 924 3781 pons
939 3683 1103 3774 fundatus,
1117 3709 1195 3781 cum
1207 3685 1373 3780 triumpho
1387 3679 1499 3756 reversi

469 3791 552 3882 sunt,
565 3793 654 3863 viam
668 3789 803 3863 liberam
816 3796 1010 3889 &apertam
1022 3792 1144 3863 sursum
1156 3789 1391 3865 velificantibus
1404 3789 1500 3861 resin-

471 3921 617 3994 quentes.
644 3901 809 3972 Sarraceni
834 3901 906 3998 post
931 3901 992 3971 hec
1017 3900 1197 3997 periculum
1221 3897 1304 3973 sibi4
1325 3900 1499 3970 imminens

511 4157 520 4192 r
532 4141 605 4198 codd.
612 4139 732 4194 currentis
743 4149 789 4213 pro
800 4138 922 4195 torrentis.
931 4158 986 4194 -—2
994 4142 1022 4196 V.
1031 4157 1102 4195 nave.
1110 4140 1450 4210 -3Codd.mattes.-4V.
1458 4137 1497 4196 sic.
