3462 5114
528 381 568 432 ut
586 379 783 432 ousrotoun
802 380 1000 432 namara.
1215 366 1275 462 163

253 629 317 698 que
340 600 516 672 multitudo
543 628 658 676 eorum
686 628 817 674 mortua
842 626 918 674 erat.
949 602 1011 694 nlij
1036 602 1187 676 iacebant
1210 605 1282 676 lan·
1297 638 1357 686 1219

252 732 389 807 guentes
407 734 468 779 nec
481 708 555 779 suos
570 732 718 780 mortuos
730 712 763 781 in
780 737 882 782 unum
896 709 1010 780 locum
1022 710 1156 806 sepelire
1173 712 1282 784 valen·

252 838 310 906 tes,
326 813 382 886 sed
399 815 461 910 pet
475 816 645 912 plateas&
659 815 779 888 domos
797 813 1041 889 inveniebamus
1059 842 1116 887 eos
1128 819 1281 908 iacentes,

252 921 339 993 unde
356 924 390 992 ὅ(
403 922 488 994 fetor
501 921 724 995 intollerabilis
740 947 808 996 erat
819 926 853 995 in
867 923 998 995 civitate
1011 947 1091 994 tota.
1110 924 1283 996 Christiani

251 1031 371 1125 itaque,
384 1052 484 1100 turres
493 1028 713 1118 ascendentes,
727 1028 844 1100 vexilla
855 1030 971 1100 sancte
980 1029 1096 1100 Crucis
1104 1031 1282 1126 posuerunt

249 1138 344 1233 super
357 1161 420 1207 eas.
440 1137 607 1207 Sarraceni
622 1160 732 1208 autem
749 1133 1059 1232 contemplabantur
1075 1161 1185 1206 muros
1203 1139 1281 1209 civi-

250 1245 322 1314 tatis
336 1241 481 1336 nihilque
498 1242 577 1313 mali
593 1241 845 1338 suspicabantur,
862 1269 903 1312 eo
919 1240 1010 1336 quod
1023 1244 1107 1340 ignis
1121 1245 1155 1313 &
1172 1244 1280 1315 fumus

250 1349 378 1448 signum
396 1347 474 1420 esset
503 1349 642 1440 soldani,
669 1353 724 1444 qui
741 1375 849 1422 tantus
867 1373 944 1440 erat,
971 1348 1063 1445 quod
1081 1351 1193 1421 civitas
1211 1374 1282 1423 tota

249 1454 420 1529 videbatur
432 1455 554 1529 ardere.
579 1459 674 1529 Tunc
688 1459 843 1529 exercitus
855 1456 1126 1548 Christianorum,
1143 1459 1201 1552 qui
1215 1483 1281 1529 erat

248 1565 283 1634 in
295 1560 420 1655 sabulo,
438 1565 583 1635 nesciens
595 1564 667 1652 hec,
685 1564 861 1651 infremuit,
877 1562 1088 1658 videntesque
1101 1588 1169 1634 tam
1181 1567 1281 1636 maxi-

249 1696 339 1741 mam
369 1672 454 1769 ignis
484 1673 629 1767 copiam,
659 1670 880 1762 adcurrerunt,
911 1669 1127 1766 intelligentes
1159 1697 1280 1761 autern,

249 1778 414 1849 civitatem
441 1775 506 1848 else
523 1803 667 1874 captam,
695 1779 858 1874 principes
880 1778 990 1868 nostri,
1021 1776 1128 1848 clerici
1144 1780 1179 1846 ἃ
1196 1778 1281 1870 laici,

250 1909 310 1979 pro
330 1881 454 1979 gaudio
472 1884 678 1956 lacrimantes
696 1887 786 1955 acin
805 1909 922 1955 terram
941 1885 1098 1979 prostrati,
1117 1885 1227 1955 Deum
1247 1888 1282 1956 ἃ

249 1992 381 2060 beatam
399 1991 571 2088 Virginem
598 2016 674 2062 cum
702 1988 856 2061 omnibus
880 1991 996 2062 sanstis
1018 1989 1139 2061 obnixe
1166 1990 1281 2088 depre-
1351 2031 1355 2040 ·

249 2121 370 2187 cantes,
387 2120 423 2167 ut
439 2098 603 2188 Damiata,
629 2123 693 2192 que
713 2097 794 2168 olim
810 2121 878 2168 erat
894 2122 1009 2168 catena
1027 2099 1233 2192 captivorum
1246 2102 1282 2170 ἃ

249 2207 394 2275 scortum
414 2202 591 2276 &domus
616 2203 850 2294 Sodomorum,
878 2200 958 2274 esset
981 2201 1136 2299 deinceps
1163 2205 1282 2276 domus

247 2301 312 2382 Dei
329 2313 365 2381 ἃ
381 2309 649 2381 Christianorum.
1165 2402 1166 2405 Ἴ

298 2418 374 2489 LVl.
394 2417 481 2488 Orta
496 2419 595 2514 igitur
608 2419 714 2513 prima
727 2416 792 2488 diei
807 2417 890 2507 luce,
908 2441 970 2486 nos
985 2441 1111 2506 omnes,
1129 2415 1282 2489 Christia-

249 2549 369 2595 norum
388 2523 504 2596 vexilla
520 2522 666 2596 videntes
687 2526 721 2595 in
745 2548 841 2615 turre,
867 2522 980 2596 flentes
1005 2525 1040 2593 ἃ
1057 2549 1132 2594 cum
1157 2521 1281 2621 gaudio

249 2630 363 2701 oculos
381 2627 424 2700 ad
439 2629 546 2702 celum
558 2630 714 2722 levantes,
731 2633 766 2701 ἃ
780 2633 822 2702 Te
836 2637 935 2702 Deum
949 2635 1108 2702 laudamus
1121 2633 1156 2701 ἃ
1171 2633 1281 2702 Gloria

250 2745 281 2808 ia
299 2740 416 2834 excelfis
433 2743 503 2807 ‘Deo
517 2761 593 2807 cum
611 2763 734 2834 magno
756 2739 966 2834 personantes
984 2738 1140 2834 tripudi0,
1157 2738 1282 2834 gracias

248 2846 411 2917 inmensas
437 2844 602 2915 retulimus
627 2847 711 2915 Deo.
740 2843 898 2916 Videntes
926 2869 1037 2916 autem
1068 2843 1221 2915 soldanus
1248 2845 1283 2913 ὅ(

249 2951 448 3040 Coradinus‚
474 2975 630 3046 ceperunt
651 2950 778 3022 dicere:
804 2956 833 3022 O
855 2958 1053 3040 machomet,
1079 2957 1168 3047 usque
1192 2955 1283 3020 hodie

249 3064 389 3154 decepisti
404 3065 481 3129 nos!
501 3061 600 3146 Certe,
612 3067 640 3154 fi
660 3061 828 3150 Christiani
841 3063 946 3128 halent
959 3064 1149 3150 Damiaram,
1163 3086 1220 3128 non
1240 3057 1283 3128 Te

249 3171 386 3253 colimus,
409 3194 461 3235 uec
482 3169 525 3235 Te
542 3168 758 3236 adorabimus!
779 3165 824 3236 1111Ι
841 3189 952 3236 autem
968 3167 1098 3262 Pagani,
1118 3167 1283 3261 quierant

248 3273 337 3344 iuxta
355 3297 455 3344 turres
477 3273 623 3360 civitatis,
654 3297 689 3342 ut
706 3272 856 3351 viderunt
872 3273 981 3342 nostra
1002 3271 1128 3360 vexilla,
1162 3268 1284 3341 eisdem

249 3377 388 3452 turribus
413 3377 612 3476 superposita
635 3379 756 3475 suaque
773 3376 931 3475 deposita,
962 3380 1129 3472 civitatem
1151 3402 1284 3473 captam

249 3484 325 3579 effe,
344 3487 594 3584 cognoscentes,
623 3487 721 3558 tristes
744 3486 787 3557 ad
803 3484 979 3557 dominum
997 3486 1090 3556 suurn
1109 3483 1283 3555 soldanum

249 3618 434 3692 pergentes,
462 3591 627 3690 plorando
650 3593 819 3666 dixerunt:
846 3600 989 3684 Domine,
1014 3599 1135 3687 amifisti
1152 3599 1283 3662 ‘Damia-

251 3729 325 3795 ram,
342 3703 373 3771 ss
386 3705 424 3770 de
437 3728 533 3772 cetero
551 3729 608 3771 noa
627 3708 687 3772 erit
702 3705 791 3772 Tua!
809 3699 955 3772 Audiens
971 3727 1081 3773 autem
1097 3699 1163 3770 hoc
1176 3698 1283 3770 solda-

251 3834 321 3900 nus,
353 3809 459 3879 statim
482 3807 650 3903 loquelam
673 3806 814 3904 perdidit
827 3810 870 3890 ,&
886 3806 1014 3905 fignum
1037 3809 1124 3898 fecit,
1152 3832 1187 3876 ut
1210 3806 1283 3895 illis,

252 3917 308 4010 qui
329 3914 454 3986 malurn
474 3915 718 4004 nunciaverant,
741 3916 850 4010 capita
868 3938 1102 3986 truncarentur.
1128 3915 1284 4008 Cumque

252 4048 310 4118 per
335 4020 415 4093 duas
435 4021 502 4092 fere
522 4021 619 4093 horas
635 4023 669 4091 in
686 4021 749 4092 hac
761 4046 968 4116 permaneret
980 4022 1118 4112 tristicia,
1136 4022 1283 4117 aperiens

254 4129 368 4200 oculos
390 4131 489 4202 erexit
507 4129 537 4200 se
554 4131 599 4215 &,
624 4153 753 4225 arrepto
776 4127 903 4226 gladio,
929 4154 997 4223 quo
1024 4152 1092 4199 erat
1108 4130 1282 4218 accindlus,
