3462 5110
520 383 571 436 nr,
597 383 756 436 rrrusnu
782 385 983 438 rursouuu.
1225 367 1271 461 67

1181 502 1259 512 ——0-

238 598 390 671 nonnulli
416 623 551 694 quoque
569 597 706 694 gemino
724 597 819 668 famis
837 601 871 668 dc
888 596 949 668 fitis
967 599 1057 676 malo
1076 599 1220 670 confecti
1236 602 1271 673 in
1285 638 1344 684 1217

239 703 490 778 amaritudinem
507 706 617 776 anime
634 705 689 775 sue
708 729 809 800 panes
826 705 1052 794 amariffimos,
1070 731 1157 802 aqua
1174 710 1271 778 maris

238 813 409 884 confectos
427 808 660 883 comedebant.
682 810 823 884 Duobus
837 837 917 910 ergo
935 809 1048 883 diebus
1065 813 1099 884 in
1114 815 1271 887 convivio

238 917 384 990 dulcium
403 943 564 1012 aquarum
581 915 741 1004 deduClis,
766 917 870 989 ventis
887 918 1049 1014 prosperis
1066 921 1269 1017 navigantes,

236 1026 462 1122 Terragonam
481 1049 500 1094 a
517 1021 640 1096 sinistris
655 1025 691 1093 ἃ
707 1023 807 1094 castra
819 1023 959 1119 plutima
976 1024 1171 1120 linquentes,
1188 1027 1270 1123 vigi·

236 1133 279 1203 lia
295 1132 396 1202 sancti
412 1129 636 1203 Bartholomei
660 1130 885 1201 barcellonam
911 1131 1072 1220 venimus,
1098 1130 1155 1204 ubi
1176 1133 1391 1210 soniste-2³·

235 1239 375 1313 inventis
392 1236 503 1336 gavisi,
527 1237 612 1308 lassis
627 1234 831 1332 corporibus,
849 1236 1055 1309 suadentibus
1071 1240 1176 1310 ventis
1193 1238 1271 1311 inde

237 1347 396 1444 provesli,
418 1349 496 1416 otlo
514 1341 690 1418 miliaribus
708 1341 842 1416 emenfis
860 1369 995 1441 portum
1011 1345 1111 1417 sandi
1124 1345 1272 1416 feliciani

236 1453 384 1543 martyris
401 1453 437 1522 in
455 1453 617 1524 territorio
634 1449 850 1547 Catologinie
867 1452 1086 1548 contigimus,
1114 1451 1271 1524 collesiis-

237 1585 301 1654 que
325 1559 431 1649 sociis,
451 1560 507 1654 qui
525 1556 572 1630 ibi
591 1558 763 1628 stationem
780 1557 936 1646 fecerant,
951 1557 1132 1630 Marciliam
1150 1584 1272 1657 prope·

236 1670 397 1758 ravimus3
414 1667 471 1738 sed
490 1665 578 1738 duris
594 1664 695 1738 boree
712 1664 840 1739 flatibus
857 1693 877 1738 a
894 1692 976 1738 terra
994 1669 1138 1764 repulsos
1159 1694 1272 1764 portus

236 1775 337 1846 sancii
353 1771 560 1846 Mendriani¹
585 1775 733 1864 martyris
758 1799 821 1844 nos
840 1774 899 1845 suo
926 1774 1061 1873 collegit
1080 1777 1113 1846 in
1132 1778 1272 1873 gremi0,

237 1907 303 1953 una
320 1879 407 1954 dieta
425 1879 542 1952 distans
561 1907 581 1952 a
598 1877 745 1950 Marsilr'a.
768 1881 839 1977 Qri
854 1882 939 1952 inter
956 1906 1086 1952 montes
1105 1882 1271 1954 altissimos

236 1989 457 2085 complicitus,
472 1987 641 2058 Tolonam
657 1987 825 2058 civitatem
841 1985 939 2058 habet
952 2014 971 2058 a
984 1985 1113 2060 dextris.
1131 1989 1271 2085 Capella

237 2121 317 2169 vero
337 2095 439 2166 sandi
454 2095 602 2184 martyris
627 2094 661 2164 in
682 2091 783 2163 latere
801 2090 922 2164 finistro
939 2093 995 2165 vili
1020 2096 1160 2165 scemate
1176 2097 1269 2166 cons-

235 2207 349 2292 nuto,
367 2199 423 2272 sed
441 2200 543 2272 multa
555 2201 722 2271 sanctitate
734 2199 860 2270 famosa
876 2200 1080 2273 monstratur.
1100 2200 1177 2272 inde
1190 2228 1268 2274 vero

242 2327 282 2406 ις
310 2306 363 2380 die
380 2311 541 2407 provesli,
570 2307 685 2378 relictis
702 2333 722 2378 a
738 2308 812 2398 leva
829 2303 944 2376 Garda
962 2309 997 2376 &
1013 2309 1103 2380 Geta
1123 2310 1158 2377 ἃ
1176 2309 1269 2378 Anti·

236 2411 315 2486 bure
332 2414 526 2505 civitatibus,
540 2441 686 2512 porrum,
700 2414 757 2509 qui
774 2413 875 2484 Oliva
888 2410 1016 2501 dicitur,
1032 2414 1065 2484 in
1085 2413 1166 2484 festo
1176 2414 1268 2484 lam·
1283 2440 1343 2501 Sept.
1357 2455 1392 2500 17.

236 2519 319 2594 berti
327 2524 474 2616 martyris
483 2523 684 2612 intravimus,
694 2522 751 2616 qui
759 2543 875 2592 monte
883 2521 1054 2590 interiecto
1063 2519 1105 2591 ad
1112 2519 1267 2592 occiden-

156 2673 177 2704 c.
186 2668 224 2717 ³³·
238 2653 305 2699 tem
313 2628 452 2700 Niceam
459 2627 568 2716 habet,
581 2630 720 2701 castrum
731 2629 766 2698 in
776 2652 891 2698 monte
902 2623 1028 2698 sublimi
1037 2627 1266 2699 constructum.

238 2733 334 2808 Unde
351 2736 423 2830 post
439 2734 506 2806 dies
524 2739 603 2831 osto
618 2731 785 2831 progressi,
804 2731 920 2804 relidis
937 2731 980 2803 ad
992 2747 1006 2778 2
1018 2730 1173 2804 sinistram
1190 2736 1266 2806 civi·

237 2839 354 2912 tatibus
384 2839 514 2914 famofis
542 2847 641 2914 lanua
666 2843 700 2912 ἃ
725 2840 850 2911 Pisa&
876 2839 981 2910 castris
1011 2840 1198 2931 innumeris,
1226 2841 1269 2913 ad

236 2947 383 3020 dextram
394 2975 474 3022 vero
488 2948 595 3020 insulis
607 2946 765 3036 Sardinia,
778 2943 923 3035 Corsica,
936 2945 1160 3042 Capricorn0,
1180 2951 1268 3020 Gor·

235 3058 340 3153 gonio
366 3058 401 3127 δι
424 3055 490 3126 Ella
513 3058 549 3126 ἃ
569 3055 638 3128 aliis
664 3079 764 3149 quam
789 3053 948 3148 plurimis,
975 3052 1018 3123 ad
1043 3053 1207 3149 oppidum
1233 3058 1267 3126 in

236 3163 395 3235 territorio
414 3163 537 3253 Pisan0,
561 3159 653 3256 quod
672 3156 879 3230 Plumbinum
897 3157 1025 3248 dicitur,
1051 3161 1266 3254 pervenimus.

236 3267 333 3342 Unde
345 3269 418 3364 post
431 3272 511 3338 odo
528 3267 595 3340 dies
609 3264 764 3364 progressi
779 3265 948 3336 Messrnam
962 3263 1144 3355 tendentes,
1163 3270 1266 3339 ventis

235 3377 404 3448 contrariis
417 3373 619 3473 urgentibus,
633 3396 767 3470 portum
778 3373 929 3445 Civitatis
943 3374 1068 3462 vetetis,
1082 3397 1146 3468 que
1160 3400 1266 3469 quon·

236 3481 315 3554 dam
326 3482 565 3556 Centumcollis
577 3477 757 3571 dicebatur,
773 3481 808 3550 in
820 3479 899 3549 festo
912 3478 1013 3548 sandi
1027 3476 1163 3570 Dionifij
1182 3509 1266 3554 mar·
1281 3514 1334 3562 on„
1344 3529 1366 3576 9,

235 3589 313 3681 tyris
329 3615 400 3662 non
416 3588 481 3662 fine
498 3612 623 3686 magno
636 3586 826 3660 intravimus
839 3584 995 3681 periculo.
1015 3584 1113 3658 Unde
1133 3612 1266 3685 propter

234 3695 416 3792 angustiam
428 3697 586 3791 temporis
599 3708 610 3756 ³
623 3696 658 3765 ἃ
676 3694 810 3764 navium
825 3690 1079 3783 multitudinem,
1090 3718 1155 3786 que
1168 3720 1265 3790 portu

233 3801 341 3870 stridlo
362 3799 612 3892 collidebantur,
636 3799 748 3897 egressi
765 3824 842 3870 cum
859 3796 995 3872 navibus
1019 3803 1071 3888 18,
1095 3801 1266 3875 stationem

234 3907 369 3978 fecimus
397 3908 432 3978 in
460 3932 559 4004 portu
586 3909 791 3980 Cornetano.
821 3905 868 3975 Est
896 3930 1005 3978 autem
1031 3907 1216 3979 Cornetum
1246 3933 1266 3978 a

191 4177 194 4184 .
255 4154 264 4194 r
282 4133 438 4195 A.tndriani.
452 4165 487 4174 -
501 4135 709 4212 tSequebamrin
718 4137 750 4196 A.
763 4135 898 4205 civitatem,
905 4136 962 4212 jam
974 4135 1124 4198 deserunt—-
1139 4139 1186 4209 3A.
1198 4149 1261 4216 spes,
