3462 5110
515 387 581 483 136
808 404 1233 461 ronnuunsnnrrnum

436 653 495 703 ¹219
508 629 630 699 runt&
645 651 762 700 omnes
775 627 950 725 principes,
967 627 1086 719 clerici,
1105 627 1192 721 laici,
1207 628 1367 718 mulieres,
1385 630 1536 726 infantes,

507 736 700 830 potenciam
716 735 857 807 Domini
882 732 1071 826 exorabant,
1094 737 1130 806 δι
1148 737 1280 808 Beatam
1296 738 1436 808 Mariam
1460 761 1536 809 cum

507 840 661 914 omnibus
689 845 813 915 Sandiis
841 845 876 914 δι
903 842 1038 914 Beatum
1067 843 1274 916 leonardum
1300 844 1474 943 rogabant,
1501 868 1537 915 ut

507 951 671 1043 Damiata‚
690 977 754 1046 que
772 951 853 1022 olim
871 951 931 1021 fuit
946 950 1101 1048 spelunca
1111 950 1288 1044 latronum,
1308 951 1446 1024 cathena
1459 977 1535 1050 cap·

505 1057 659 1148 rivorum,
676 1055 796 1128 domur
820 1056 1003 1128 scortorum
1019 1060 1054 1128 &
1071 1056 1313 1130 sodomitorum
1332 1064 1378 1150 &‚
1396 1056 1451 1130 nisi
1468 1060 1536 1130 Ma·

504 1161 618 1235 humet
634 1163 843 1254 adorabatur,
866 1162 945 1236 ellet
962 1161 1085 1236 domus'
1099 1166 1162 1236 Dei
1178 1167 1214 1236 δι
1231 1167 1411 1238 oratorium
1428 1165 1535 1238 Chris·
1643 1155 1645 1164 ¹

505 1271 686 1343 danorum

552 1375 616 1449 LV.
647 1380 802 1474 Cumque
827 1377 1053 1475 crepusculum
1076 1377 1177 1450 finem
1202 1377 1304 1470 daret,
1336 1379 1405 1450 dies
1434 1379 1534 1451 clarus

504 1486 666 1581 apparuit,
689 1483 767 1575 dies,
791 1486 826 1555 in
848 1511 914 1581 qua
932 1483 1075 1556 Christus
1098 1483 1279 1581 baptizatus
1302 1486 1377 1575 fuit,
1405 1487 1533 1573 scilicet,

505 1589 573 1662 dies
591 1593 712 1682 Martis,
730 1592 859 1681 scilicet,
876 1594 990 1686 inqua
1008 1616 1108 1663 omne
1127 1589 1255 1662 bonum
1269 1593 1409 1664 connrlit
1424 1593 1534 1702 §hris-

504 1699 609 1787 tianis,
633 1701 782 1796 protinus
804 1698 955 1771 viderunt
978 1698 1131 1771 vexillum
1156 1700 1273 1770 sancte
1297 1699 1415 1770 Crucis
1441 1701 1535 1797 super

504 1829 614 1897 turres,
627 1809 662 1878 δε
676 1830 802 1895 omnes,
812 1808 869 1902 qui
878 1803 1064 1902 plorabant,
1073 1806 1231 1878 oculos&
1240 1831 1357 1877 manus
1371 1806 1414 1878 ad
1427 1807 1534 1878 celum

503 1911 693 1985 levaverunt
709 1917 743 1984 ἃ
761 1916 803 1984 ‘l'e
817 1919 915 1984 Deum
931 1915 1088 1984 laudamus
1104 1916 1264 1985 &Gloria
1281 1920 1313 1984 in
1330 1918 1452 2012 excelfis
1463 1921 1532 1986 Deo

504 2043 723 2092 cantaverunt.
743 2021 820 2090 l-loc
837 2021 1010 2116 respiciens
1028 2019 1192 2110 soldanus,
1208 2022 1337 2117 putavit
1354 2022 1533 2092 succurrere

504 2128 637 2219 civitati,
654 2129 744 2200 venit
757 2153 833 2197 cum
847 2151 917 2198 tota
933 2151 1033 2225 gente
1047 2128 1101 2199 sua
1115 2153 1191 2200 ante
1209 2126 1365 2200 foliatum
1377 2130 1532 2216 nostrum,

503 2230 639 2305 &bene
658 2235 784 2307 invenit
799 2233 833 2305 id
848 2248 858 2281 ¹
880 2235 1055 2326 munitum,
1080 2237 1116 2306 δι
1133 2235 1201 2331 ipse
1221 2261 1280 2332 pre
1296 2237 1401 2307 nimio
1418 2233 1533 2306 dolore

504 2339 592 2436 quafi
610 2366 756 2411 mortuus
773 2343 806 2414 in
826 2365 945 2412 terram
962 2340 1090 2431 cecidit,
1113 2343 1148 2412 δι
1166 2367 1290 2412 nomen
1309 2342 1372 2414 Dei
1389 2342 1435 2413 sui
1452 2339 1532 2412 blas·

502 2446 692 2544 phemabat,
708 2450 744 2519 &
761 2445 909 2519 dicebat:
928 2453 957 2520 0
976 2451 1156 2535 mahumet,
1183 2452 1272 2544 usque
1293 2453 1384 2520 lodie
1409 2451 1533 2545 dilufisli

502 2583 558 2644 me,
576 2581 654 2626 certe
659 2565 688 2652 fi
706 2559 873 2648 Clrrr'stiurri
888 2562 1011 2650 capiunt
1024 2562 1212 2642 Damiatam,
1231 2582 1283 2626 nec
1297 2557 1339 2624 ‘l'e
1354 2556 1464 2643 colum,
1481 2582 1532 2625 ruc

503 2665 546 2733 ‘l'e
559 2665 692 2733 adorabo
706 2667 743 2732 de
755 2668 864 2734 cerno!
877 2661 1130 2759 Cognoscentes
1143 2661 1198 2751 illi,
1212 2663 1269 2756 qui
1280 2686 1387 2758 prope
1400 2663 1532 2733 Damia-

502 2792 571 2839 tam
590 2793 692 2859 erant,
720 2765 868 2839 banerias
892 2768 1015 2838 nostras
1037 2768 1132 2864 super
1155 2791 1255 2838 turres
1281 2769 1429 2859 civitatis,
1458 2789 1532 2838 cum

503 2899 629 2972 magno
651 2874 767 2946 dolore
790 2897 998 2971 perrexerunt
1014 2872 1057 2944 ad
1074 2872 1248 2946 soldanum
1264 2872 1465 2946 &dixerunt
1486 2873 1531 2944 ei:

504 2987 648 3071 Domine,
662 2987 782 3076 umififli
795 2987 986 3071 Domuum,
998 2984 1036 3050 de
1048 3007 1145 3052 cetero
1149 2985 1212 3075 sua
1225 3008 1283 3052 non
1295 2987 1375 3052 erit!
1389 2978 1532 3051 Audiens

503 3089 571 3185 ipse
589 3088 666 3160 talia
680 3089 787 3159 statim
810 3087 979 3184 loquelam
1005 3085 1148 3184 perdidit
1167 3090 1202 3184 dc
1218 3086 1300 3159 iullit
1316 3088 1426 3184 capita
1448 3110 1532 3157 trun-

503 3196 568 3267 cari
593 3193 665 3292 ipsis
688 3196 824 3286 nunciis,
853 3219 996 3289 cumque
1022 3218 1082 3291 per
1104 3192 1184 3264 duas
1205 3193 1302 3264 horas
1324 3192 1403 3264 effer
1418 3195 1452 3264 in
1472 3191 1533 3262 hac

503 3302 641 3393 tristicia,
671 3300 778 3373 subito
796 3302 827 3372 se
854 3302 963 3392 erexit,
990 3303 1025 3372 &
1049 3303 1177 3398 accepit
1193 3299 1352 3398 gladium,
1382 3325 1451 3397 quo
1468 3321 1533 3370 erat

503 3411 667 3480 accincius
684 3412 719 3480 ἀ
731 3409 893 3480 truncavit
908 3405 965 3477 sibi
981 3405 1128 3499 barbam,
1145 3410 1180 3478 &
1195 3431 1311 3478 omnes
1327 3409 1372 3480 lui
1387 3408 1432 3478 ita
1450 3406 1532 3476 fece·

503 3539 589 3606 runt,
616 3518 651 3586 &
668 3517 772 3587 eciam
798 3511 917 3585 caudas
935 3515 1037 3610 equis,
1068 3517 1103 3585 &
1120 3514 1187 3612 ipse
1201 3515 1289 3610 cepit
1304 3513 1483 3585 lamentare
1499 3514 1533 3582 ὅ(

445 3625 446 3630 ’
503 3619 625 3694 dicere:
646 3626 676 3693 0
693 3627 854 3711 Dumium,
872 3649 927 3713 que
935 3627 1030 3713 furyu
1045 3651 1064 3690 u
1061 3623 1140 3717 sque
1157 3647 1233 3690 nunc
1249 3622 1369 3690 lucerna
1390 3625 1532 3714 Pagone·

502 3753 581 3820 rum,
607 3731 695 3799 modo
719 3731 875 3822 obscurum
899 3754 931 3797 es
952 3732 1057 3798 nobis!
1080 3733 1147 3822 Ego
1173 3730 1273 3820 miser,
1300 3730 1374 3818 quid
1389 3731 1533 3815 facium?

506 3839 575 3930 Qu
593 3839 669 3906 ibo?
689 3838 791 3929 Quare
807 3859 868 3905 nor
883 3859 1016 3905 mortuus
1025 3839 1084 3926 fui
1101 3842 1131 3904 iu
1149 3859 1249 3904 ventre
1267 3839 1374 3903 marris
1390 3860 1463 3919 mee,
1482 3855 1533 3901 aut

503 3970 568 4012 cum
587 3965 676 4012 nurus
685 3947 754 4034 fui,
773 3967 826 4011 cur
841 3967 899 4011 non
911 3946 1022 4033 statim
1038 3947 1124 4034 perii
1141 3937 1238 4030 (lob.,
1256 3957 1311 4030 111,
1334 3942 1412 4035 Η).>
1433 3945 1531 4008 οὑπι-

503 4075 591 4141 quam
598 4051 658 4141 sul
673 4075 736 4117 meo
754 4050 874 4118 domino
889 4051 979 4141 uirgo
992 4053 1140 4117 Dumium
1153 4047 1233 4139 effer,
1252 4074 1271 4114 α
1278 4048 1410 4140 perfidis
1428 4047 1530 4138 Cluil-

503 4159 597 4232 tiaris
622 4155 736 4225 violata
762 4153 975 4246 &conuptul
998 4151 1032 4223 Et
1057 4149 1153 4224 dixit:
1181 4157 1291 4222 Pereat
1315 4154 1393 4240 dies,
1423 4157 1454 4222 r'rr
1474 4175 1531 4250 qua
