3462 5110
448 389 756 444 CRUCIGERORUM
781 389 1066 445 RHENANORUM.
1233 391 1273 473 53

242 609 469 709 mangunellis‚
497 609 713 706 tharchiisque
737 609 922 683 ferientibus
939 637 1001 708 pro
1017 609 1190 709 implendo
1210 612 1275 683 fos·
1305 643 1365 692 1219

243 725 311 796 sato
330 725 455 797 feritate
476 723 644 797 barbarica
664 751 727 798 nos
747 727 965 823 impetierunt.
995 727 1059 800 Sed
1084 725 1182 799 durus
1208 724 1275 800 bel·

241 832 337 925 lator,
366 832 586 929 triumphator
610 835 645 904 in
675 834 778 926 lsrael,
809 835 899 905 solita
926 834 997 905 usus
1023 835 1144 934 gracia,
1175 834 1302 906 castra·

242 939 350 1009 nostra
363 936 520 1030 defendit,
538 938 635 1010 misso
650 938 747 1012 nobis
764 968 823 1038 per
840 967 929 1012 mare
938 942 1102 1015 Salvarico
1116 939 1157 1011 de
1170 940 1275 1011 Malo·

241 1045 339 1117 leone
360 1071 438 1116 cum
454 1046 555 1142 galeis
573 1049 751 1118 armatis&
764 1046 974 1120 bellatoribus
993 1048 1139 1144 plurimis
1150 1048 1185 1117 in
1202 1049 1274 1144 lpso

242 1152 349 1224 nostre
367 1154 556 1225 neceffitatis
581 1154 727 1226 articulo
756 1154 791 1224 Et
816 1179 877 1224 nos
894 1154 936 1226 ad
963 1154 1024 1226 hec
1046 1153 1223 1225 clamantes
1240 1155 1274 1225 in

42 1274 230 1335 V.,s.11v⁰,t.2·
243 1258 349 1330 celum
376 1285 438 1331 nec
465 1259 662 1357 trepidantes
686 1259 729 1332 ad
756 1261 928 1357 impetum,
958 1260 1012 1332 sed
1035 1261 1167 1335 viriliter
1191 1259 1276 1332 refis·

243 1388 346 1436 tentes
359 1369 531 1460 intersecli,
550 1369 683 1439 sauciati
699 1372 734 1439 δε
746 1366 907 1439 combusti
920 1366 962 1440 ab
976 1368 1092 1439 insultu
1110 1367 1274 1456 triduano,

242 1471 347 1544 hostes
361 1497 471 1545 tamen
490 1473 641 1547 recedere
658 1476 829 1572 co'e'gimus
846 1473 941 1572 ipsus
959 1477 1086 1564 virtute,
1104 1476 1162 1572 qui
1175 1474 1277 1548 salvat

242 1581 406 1678 sperantes
418 1582 453 1652 in
471 1582 488 1652 s
504 1640 511 1654 .

472 1811 540 1884 Vll.
567 1815 618 1882 ‘De
634 1817 774 1906 capcione
791 1816 875 1884 urbis
887 1817 1044 1884 Damiate.

217 2061 221 2068 .
290 2009 543 2097 lntereacivitas,
556 2003 726 2078 obfidione
739 2006 852 2104 longa,
868 2005 965 2094 fetr0,
982 2007 1071 2078 fame
1083 2007 1275 2104 &pestilen-

241 2115 291 2184 cia
308 2115 448 2210 graviter
465 2111 594 2203 afflisla,
616 2116 649 2184 irr
668 2113 735 2184 sola
751 2138 845 2210 pace,
868 2140 968 2209 quam
983 2113 1134 2185 soldanus
1152 2112 1275 2186 civibus

240 2219 398 2318 promifit,
427 2222 519 2316 spem
544 2221 662 2317 posuit.
693 2219 790 2290 Adeo
818 2222 966 2292 enimin
993 2246 1034 2291 eo
1062 2221 1164 2292 fames
1185 2223 1275 2293 inva-

240 2327 309 2417 luit,
324 2351 361 2398 ut
375 2325 439 2399 cibi
449 2327 673 2399 desderabiles
686 2324 842 2419 deessent,
855 2329 949 2424 panis
965 2350 1136 2423 corruptus
1149 2341 1159 2374 ¹
1172 2325 1275 2398 abun·

241 2433 332 2506 daret
352 2436 387 2506 in
411 2461 458 2507 ea.
485 2435 602 2531 Neque
627 2437 716 2506 enim
733 2432 888 2504 durabilis
909 2432 973 2504 else
990 2431 1125 2530 possunt
1140 2433 1275 2531 Egyptie

241 2566 323 2612 terre
337 2542 446 2638 fruges
459 2566 596 2638 propter
609 2541 724 2612 molles
737 2537 862 2638 glebas,
878 2542 911 2611 in
925 2537 1041 2637 quibus
1054 2541 1211 2631 crescunt,
1229 2544 1274 2628 δε,

241 2673 276 2719 ut
292 2645 486 2736 audivimus,
507 2651 684 2719 coclanum
700 2672 804 2718 unum
819 2649 853 2718 in
872 2674 912 2718 ea
928 2644 1108 2718 duodecim
1124 2647 1275 2718 Bisanciis

239 2753 451 2828 vendebatur.
473 2755 515 2826 lix
535 2756 682 2854 angustia
699 2756 804 2826 eciam
822 2756 917 2826 famis
934 2753 1063 2828 diverfis
1080 2752 1275 2827 morborum

240 2860 413 2961 generibus
432 2861 641 2954 vexabantur,
659 2865 751 2933 itaut
767 2889 807 2934 ex
823 2866 938 2960 capitis
954 2865 1180 2935 exinanicione
1191 2862 1275 2933 visus

240 2968 474 3060 obscuraretur,
498 2970 681 3066 &plurimi
704 2995 829 3059 eorum,
859 2972 977 3068 apertis
995 2974 1137 3042 iacentes
1161 2968 1275 3059 oculis,

239 3076 321 3148 nibil
340 3075 498 3151 viderent.
525 3076 687 3150 Soldanus
710 3103 820 3149 autem
832 3080 923 3152 vanis
938 3104 994 3150 eos
1011 3072 1275 3175 promissionibus

36 3209 69 3266 n,
80 3210 162 3272 rot&
174 3226 194 3256 c.
206 3221 226 3256 ι.
238 3183 443 3282 protrahens,
459 3183 589 3281 decepit
602 3186 735 3256 miseros
751 3212 770 3257 a
783 3183 957 3257 dedicione
970 3184 1155 3256 dehortans.
1172 3183 1275 3254 Deni-

241 3319 306 3389 que
321 3315 432 3388 portas
445 3292 580 3364 civitatis
593 3292 829 3384 obstruxerunt,
844 3319 885 3364 ne
898 3291 994 3365 nobis
1007 3291 1048 3364 ab
1062 3291 1172 3386 aliquo
1179 3315 1274 3387 egre·

37 3422 164 3485 V.‚s.1zr⁰,
175 3441 195 3472 c.
206 3438 227 3472 1.
241 3399 351 3471 diente
368 3423 483 3468 eorum
501 3401 731 3471 nunciarentur
743 3399 970 3471 incommoda.
987 3401 1020 3471 Si
1035 3400 1092 3494 qui
1107 3423 1198 3486 vero,
1217 3421 1275 3494 per

240 3529 351 3576 mutos
362 3504 499 3576 latenter
512 3505 622 3595 emissi,
632 3505 770 3578 evadere
782 3529 970 3603 potuerunt,
982 3520 997 3552 ²
1007 3503 1111 3576 inflati
1123 3507 1159 3575 δι
1171 3503 1274 3575 fame·

236 3613 291 3683 lici
311 3613 433 3685 civium
450 3614 583 3683 suorum
599 3615 759 3711 angustias
782 3613 949 3686 evidenter
965 3609 1170 3702 indicabant3
1187 3636 1274 3683 exer·

237 3721 303 3792 citu
321 3745 467 3816 quoque,
496 3722 551 3815 qui
577 3721 655 3792 foris
682 3747 742 3790 nos
768 3719 947 3808 obsrdebat,
979 3721 1072 3817 panis
1097 3743 1137 3789 ac
1163 3716 1274 3813 pabuli

237 3828 336 3923 copia
357 3828 443 3924 cepit
461 3825 654 3898 decrescere.
684 3827 777 3899 Nilus
800 3824 970 3923 srquidem,
1000 3827 1056 3922 qui
1071 3826 1172 3897 estivo
1190 3848 1272 3895 tem·

236 3959 320 4033 pore
340 3933 465 4006 solebat
482 3935 665 4006 excrescens
682 3934 798 4033 Egypti
816 3957 914 4006 terras
930 3935 1073 4034 irrigare,
1097 3933 1164 4004 hoc
1181 3923 1275 4005 anno

275 4181 285 4218 1
305 4165 334 4222 V.
348 4161 479 4240 corruptis.
496 4191 527 4206 ·-
543 4184 557 4222 2
571 4164 600 4218 V·
610 4173 752 4240 potuerant.
