3466 5110
462 339 511 438 46
926 355 1052 410 ousta

391 602 450 652 ¹²¹9
462 578 621 651 Soldanus
639 577 730 652 abiit!
748 581 793 671 δι,
810 577 876 648 hoc
893 577 995 667 diuo,
1013 579 1047 649 in
1063 601 1183 649 navem
1201 576 1448 648 christianorum
1462 579 1495 649 se

460 686 561 782 recipi
570 685 754 782 postulavit,
771 709 806 756 ut
813 686 848 755 in
857 685 1014 780 potestate
1026 711 1143 756 eorum
1155 682 1277 780 positus
1285 683 1389 756 fidem
1401 685 1494 757 dislis

461 792 590 863 faceret.
609 791 706 862 Mane
720 815 829 862 autem
842 793 997 862 inchoata
1011 791 1076 863 diei
1092 791 1162 864 festi
1174 790 1281 865 missa:
1303 796 1494 863 Gaudeamus

460 927 560 970 omnes
574 905 605 969 in
618 904 765 989 Domino,
782 923 859 969 curn
876 900 1084 970 nunciaretur
1095 896 1305 996 principibus,
1320 898 1493 970 soldanum

459 1004 587 1104 fugisse,
615 1005 770 1102 Egyptios
800 1030 934 1100 quoque
961 1005 1126 1099 recessisse,
1153 1010 1254 1079 nostri
1285 1007 1432 1078 certatim
1458 1007 1493 1075 &

459 1113 605 1183 alacriter
630 1109 752 1207 absque
776 1111 1017 1208 impedimento
1043 1112 1243 1204 transierunt,
1268 1112 1334 1204 sed,
1354 1115 1440 1207 quia,
1458 1136 1494 1183 ut

460 1218 601 1314 superius
619 1216 758 1288 relatum
776 1219 831 1309 est,
848 1215 973 1288 fossatis
988 1219 1151 1292 &limosa
1169 1221 1306 1291 materia
1323 1243 1400 1289 cunr
1417 1240 1492 1312 pro·

459 1323 654 1420 pugnaculis
681 1323 787 1396 hostes
804 1327 989 1396 munierant
1006 1325 1093 1418 loca,
1118 1350 1208 1398 tanta
1229 1328 1263 1397 in
1285 1324 1415 1397 ascensu
1433 1321 1493 1392 fuit

460 1429 642 1520 difficultas,
668 1456 707 1523 ut
724 1433 777 1503 vix
795 1434 870 1526 equi
888 1430 953 1503 fine
971 1430 1140 1504 sessoribus
1159 1437 1194 1504 &
1210 1432 1291 1504 sellis
1309 1431 1403 1502 eiesli
1419 1431 1492 1525 pos·

458 1539 529 1608 sent
545 1536 728 1610 ascendere.
746 1539 925 1636 Templatij
944 1538 1102 1635 preduces
1120 1542 1154 1610 in
1171 1540 1301 1612 ascensu
1319 1562 1492 1633 equorum,
1724 1546 1725 1624 l

460 1645 575 1714 ereslis
601 1641 708 1741 signis,
736 1646 859 1740 peruici
882 1646 974 1715 cursu
996 1645 1039 1716 ad
1060 1648 1226 1718 civitatem
1247 1649 1393 1736 veniunt,
1419 1643 1493 1714 ster·
1724 1641 1725 1646 ’

459 1773 574 1821 nentes
591 1749 746 1846 persidos,
768 1753 836 1846 qui,
863 1750 1018 1823 audastet
1038 1752 1080 1823 de
1097 1755 1200 1850 portis
1218 1752 1340 1851 egressu,
1363 1751 1493 1824 venien·
1507 1776 1642 1838 v.‚f.9r0‚
1654 1795 1673 1823 c.
1684 1792 1703 1824 1.

459 1855 542 1928 tibus
560 1882 779 1930 occurrerunt.
798 1859 850 1930 Sic
867 1860 975 1930 noster
992 1861 1148 1931 exercitus
1166 1862 1306 1931 tentoria
1324 1861 1360 1929 δι
1377 1883 1492 1928 manu·

459 1963 528 2036 bias
540 1964 743 2062 fugiencium
752 1964 895 2062 diripuit,
907 1966 1043 2038 tarchias
1052 1968 1208 2064 plurimas
1218 1970 1376 2038 &omnes
1384 1965 1493 2062 galeas

460 2097 536 2142 cum
552 2069 710 2143 barbotris
729 2076 764 2144 &
782 2072 849 2143 aliis
867 2072 1014 2165 navibus,
1032 2100 1097 2170 que
1113 2075 1197 2145 insta
1216 2074 1318 2145 casale
1333 2073 1434 2167 usque
1451 2070 1494 2143 ad
1508 2097 1703 2157 s.,p.233,c.1.

459 2179 624 2250 civitatem
640 2177 897 2270 inveniebantur,
922 2206 999 2251 cum
1026 2181 1094 2252 aliis
1113 2181 1223 2278 spoliis
1238 2182 1377 2253 vislores
1395 2204 1494 2250 occu·

459 2311 628 2384 paverunt.
643 2287 736 2358 Multi
748 2284 933 2378 bellatores,
947 2288 1063 2360 reliclis
1078 2287 1230 2360 uxoribus
1245 2313 1285 2358 ac
1297 2286 1382 2376 siliis,
1394 2288 1494 2357 territi

458 2418 595 2492 propter
610 2395 821 2492 inopinatum
838 2393 1016 2487 tranfitum,
1040 2393 1082 2467 de
1098 2397 1254 2467 Damiata
1272 2395 1435 2491 sugerunt,
1459 2395 1494 2464 &

458 2498 500 2571 src
517 2527 576 2598 per
592 2529 710 2600 gyrum
727 2500 861 2573 firmiter
879 2498 1003 2574 obsessa
1024 2503 1068 2574 est
1085 2503 1208 2574 civitas.
1226 2498 1290 2573 Sed
1304 2526 1372 2597 quo
1386 2500 1492 2572 modo

458 2609 691 2705 scriptumest:
708 2641 725 2672 v
741 2615 879 2678 Extrema
897 2613 1009 2703 goudij
1026 2613 1123 2680 Iussus
1139 2635 1265 2705 occupat
1280 2639 1297 2672 a>
1315 2605 1492 2706 (Proverb,

458 2734 535 2802 XIV,
561 2720 630 2813 13),
648 2712 690 2785 src
707 2718 741 2786 &
759 2743 799 2788 ve
813 2729 822 2761 ¹
837 2711 1025 2787 succeffibus
1043 2718 1147 2788 eciam
1165 2713 1312 2787 felicibus
1330 2742 1349 2788 a
1368 2713 1493 2787 casibus

459 2819 613 2894 adversis!
633 2823 762 2918 Agente
777 2820 936 2918 squidem
949 2821 1172 2917 quorumdam
1188 2823 1343 2894 falsorum
1357 2822 1493 2894 fratrum

458 2927 595 3024 perfidia
609 2929 732 2999 saslum
745 2929 799 3019 est,
817 2954 851 3000 ut
865 2929 982 3021 hostes,
999 2931 1169 3027 resumptis
1181 2926 1301 3002 viribus
1314 2931 1349 2999 &
1361 2930 1491 3018 animis,

459 3035 653 3106 adveniente
672 3035 845 3107 Coradino
860 3063 938 3107 cum
946 3037 1118 3133 Alappinis
1135 3041 1170 3109 ἃ
1188 3038 1331 3107 maxima
1348 3035 1490 3107 multitu-

459 3141 547 3233 dine,
564 3140 749 3214 obsrdentes
763 3145 927 3216 civitatem
939 3144 1127 3214 christianos
1141 3140 1349 3240 periculosrus
1363 3139 1489 3214 obfide·

458 3273 529 3320 rent
545 3251 590 3338 &,
619 3247 770 3346 nis1²per
787 3250 935 3322 divinum
960 3249 1131 3322 consrlium
1156 3253 1262 3347 prima
1286 3250 1398 3338 castra,
1426 3274 1490 3345 que

458 3379 550 3426 erant
565 3357 649 3427 inter
661 3383 752 3427 mare
769 3360 804 3427 &
818 3355 965 3448 fluvium,
983 3379 1109 3428 retenta
1127 3354 1257 3427 fuissent
1275 3358 1415 3426 maxime
1432 3381 1491 3452 per

457 3461 599 3533 frisones
615 3466 650 3534 δε
665 3463 903 3554 Theutonicos,
925 3488 1038 3562 portus
1055 3461 1151 3534 nobis
1169 3461 1294 3534 ablatus
1313 3460 1431 3554 suisset,
1455 3466 1490 3534 ἃ

458 3571 638 3666 negocium
653 3569 829 3667 plurimum
842 3570 1061 3667 periclitatum
1075 3567 1249 3641 vacilasset.
1263 3569 1327 3640 Sed
1344 3593 1381 3640 ut
1394 3571 1489 3640 mira·

459 3677 569 3748 culum
585 3678 703 3773 prefati
721 3675 867 3748 transrtus
888 3675 1174 3748 commendaretur
1189 3678 1224 3746 &
1242 3675 1302 3747 soli
1323 3677 1452 3748 Christo
1476 3689 1543 3756 ³v.‚
1554 3696 1593 3758 f.9
1604 3699 1666 3755 rae.
1677 3712 1701 3744 2.

459 3781 676 3872 ascriberetur,
694 3783 737 3855 ad
755 3807 880 3856 tantam
901 3785 1066 3856 Sarraceni
1083 3784 1244 3857 devenere
1262 3786 1489 3874 temeritatem,

459 3913 495 3960 ut
512 3888 657 3960 diluculo
674 3887 799 3962 sabbati
815 3914 891 3961 ante
910 3892 1046 3961 terciam
1064 3888 1323 3990 Qadtagesrme
1336 3891 1489 3962 Domini·

499 4149 508 4183 1
527 4133 556 4189 V.
566 4147 606 4184 ne.
620 4159 653 4168 -
666 4148 681 4183 2
696 4131 725 4189 V.
740 4129 791 4186 ubi.
805 4158 839 4168 —
855 4147 867 4202 3
885 4131 915 4180 V.
933 4129 1080 4192 Christiano.
