3462 5110
446 374 753 429 CRUCIGERORUM
779 373 1063 428 RHENANORUM.
1222 370 1263 454 55

237 601 332 699 Igitur
357 623 462 671 nonas
478 595 688 690 Novembris,
704 597 868 670 Salvatore
885 595 1001 669 mundi
1016 621 1184 696 regnante,
1203 596 1265 669 do·
1279 581 1370 694 ἐῖᾆζ

35 721 163 783 v.‚i.12v⁰‚
172 741 191 772 c.
201 737 223 772 1.
235 709 328 779 mino
344 707 448 797 Petro,
466 703 640 778 Albanensi
658 706 827 802 episcopo,
849 702 1026 802 apostolice
1044 704 1126 776 sedis
1142 704 1265 803 legato,

235 813 432 885 sollemniter
447 813 615 912 vigilante,
632 838 721 884 anno
735 813 844 910 gracie
861 807 1031 884 millesimo
1043 808 1265 884 ducentefimo

234 944 327 992 nono
346 920 479 992 decimo
498 945 595 1017 capta
620 922 664 992 est
687 921 842 991 Damiata
860 916 981 1015 absque
1001 916 1184 1011 dedicione,
1201 917 1266 991 sine

235 1024 433 1117 defensione,
449 1027 504 1098 seu
516 1027 691 1118 violencia,
704 1023 770 1097 fine
783 1024 1037 1122 depredacione,
1049 1025 1103 1098 vel
1114 1026 1266 1120 tumulm,

235 1159 271 1205 ut
286 1134 346 1204 soli
362 1133 439 1204 Filio
458 1135 523 1205 Dei
540 1131 673 1206 evidens
696 1130 870 1204 ascribatur
886 1134 1034 1221 vidloria,
1063 1134 1121 1229 qui
1137 1134 1266 1232 populo

34 1254 89 1317 up.
101 1267 157 1316 239,
168 1271 188 1302 c·
201 1269 221 1303 1·
234 1241 292 1312 suo
310 1239 490 1339 ingressum
507 1242 541 1312 in
558 1240 720 1338 Egyptum
737 1241 888 1336 aspiravit
909 1238 1085 1312 &ibidem
1102 1243 1185 1314 vires
1204 1245 1266 1313 mi-

235 1349 386 1422 nistravit.
420 1348 455 1419 Et
474 1351 558 1420 ¹cum
584 1351 618 1418 in
646 1347 747 1420 oculis
778 1349 862 1446 regis
890 1345 1065 1441 babylonis
1098 1373 1267 1446 caperetur

235 1457 358 1547 civitas,
385 1481 455 1526 non
478 1456 522 1527 est
544 1457 647 1545 ausus,
673 1454 792 1526 Christi
817 1455 944 1547 milites,
971 1454 1013 1527 ad
1043 1453 1267 1528 defensionem

234 1588 366 1660 paratos
384 1589 479 1634 more
492 1564 550 1633 suo
567 1589 627 1661 per
638 1560 794 1634 fossarum
806 1564 953 1634 nostruin
970 1562 1127 1661 aggredi,
1145 1561 1266 1635 eodem

234 1695 386 1768 tempore
404 1667 521 1743 fluvius
539 1670 724 1742 excrescens
740 1669 833 1765 aquis
850 1666 1017 1741 uberrimis
1036 1661 1189 1743 fossatum
1205 1672 1266 1742 im-

233 1777 343 1874 plevit.
371 1777 439 1874 lpse
462 1767 541 1849 vero
569 1777 722 1850 confusus
750 1778 886 1874 propria
910 1777 1010 1849 castra
1035 1774 1266 1850 combussit&

233 1885 329 1984 fugit,
346 1887 436 1956 Deus
451 1907 575 1976 autem,
600 1886 657 1980 qui
674 1885 772 1956 tercia
793 1881 846 1956 die
862 1909 964 1980 aquas
982 1883 1041 1956 sub
1057 1885 1265 1958 firmamento

234 1993 449 2092 congregavit
460 1986 622 2063 inlocum
636 2018 751 2082 unum,
768 1993 836 2088 ipse
850 1992 929 2064 feria
947 1994 1046 2064 tercia
1057 1990 1173 2065 mensis
1188 1995 1264 2087 Maij
1278 2012 1333 2061 Mai.
1346 2027 1366 2075 3.

234 2100 396 2198 agonistas
413 2100 487 2170 suos
502 2125 563 2197 per
580 2125 681 2195 aquas
699 2101 796 2170 maris
818 2097 969 2195 perduxit
986 2098 1030 2170 ad
1047 2123 1181 2196 portum
1198 2103 1265 2172 Da·

234 2209 346 2297 miate,
372 2204 506 2278 eosdem
525 2207 604 2278 feria
623 2207 722 2278 tercia
738 2204 854 2278 mensis
872 2205 1032 2298 februarii
1051 2205 1191 2278 traduxit
1207 2233 1266 2304 per
1277 2230 1340 2277 seir.
1351 2242 1373 2293 ς.

234 2314 347 2386 Nilum
365 2312 407 2386 ad
425 2310 637 2385 obsidendam
655 2314 831 2405 civitatem,
844 2309 934 2384 idem
952 2313 1032 2384 seria
1043 2315 1136 2385 tertia
1148 2311 1265 2386 mensis

234 2420 431 2496 Novembris
455 2423 647 2493 Damiatam
673 2422 772 2517 cepit,
801 2421 886 2491 inter
911 2444 1012 2516 aquas
1036 2417 1137 2492 fitam.
1167 2421 1368 2503 Hammo,

235 2527 349 2601 urbem
365 2529 465 2603 vitule
481 2528 701 2600 consternanti
727 2524 897 2625 possumus
922 2525 1102 2599 assimilare.
1132 2530 1264 2600 Virulom

32 2651 222 2712 V.‚s.12v⁰,c.2·
235 2635 438 2733 appellamus
467 2661 603 2733 propter
628 2638 694 2706 eius
719 2635 884 2707 lasciviam
910 2659 963 2727 eo,
994 2633 1087 2730 quod
1110 2631 1264 2733 piscibus,

235 2741 348 2816 avibus
366 2746 401 2814 &
418 2745 555 2840 pascuis,
574 2744 751 2835 frumento,
768 2742 869 2813 hortis
886 2743 1092 2839 &pomeriis
1109 2741 1265 2837 abundet,

233 2848 459 2950 negotiando,
468 2852 650 2948 pyraticam
658 2849 825 2921 maliciam
833 2848 1029 2940 exercendo,
1040 2847 1161 2922 deliciis
1175 2848 1266 2923 efflu-

232 2957 279 3028 xit
295 2959 329 3028 in
347 2958 454 3055 culpa,
479 2955 661 3054 pereffluiiit
674 2958 709 3027 in
726 2956 898 3054 gehenna,
921 2955 977 3027 sed
994 2983 1060 3029 una
1075 2958 1158 3029 hora
1177 2961 1267 3031 venit

232 3062 392 3136 iudicium
420 3066 496 3136 eius.
525 3051 767 3158 consternantem
788 3062 938 3154 dicimus,
964 3064 1042 3159 quia
1064 3066 1166 3136 tercio
1183 3089 1267 3138 terre

234 3194 329 3241 motu
343 3169 541 3244 habitatores
554 3172 622 3242 eius
630 3171 806 3268 petierunt,
819 3171 887 3267 ipsa
900 3194 1011 3242 tamen
1023 3171 1151 3272 integra
1162 3198 1266 3270 rema·

232 3302 342 3370 nente,
368 3306 389 3351 a
405 3281 521 3351 Grecis
537 3281 572 3349 &
588 3279 706 3350 latinis
723 3279 832 3374 primo
852 3275 911 3348 fuit
928 3275 1064 3370 obsessa,
1091 3281 1148 3375 qui
1164 3276 1207 3351 ab
1227 3305 1266 3352 ea

234 3383 453 3479 discesserunt,
477 3383 597 3458 deinde
618 3412 638 3456 a
653 3387 771 3456 latinis
786 3384 844 3456 sub
862 3385 1040 3479 Abnarico,
1065 3413 1142 3486 rege
1159 3387 1266 3459 lbero-

233 3490 432 3582 solimitano,
463 3494 519 3588 qui
536 3493 672 3564 minime
689 3492 909 3588 profecerunt,
935 3490 991 3563 sed
1007 3494 1078 3566 vice
1096 3494 1196 3565 tercia
1211 3518 1267 3566 rex

234 3625 351 3698 regum
365 3602 400 3670 δε
409 3599 575 3670 Domitius
589 3598 838 3671 dominantium
850 3600 945 3672 servis
957 3600 1019 3671 suis
1036 3625 1110 3672 earn
1122 3598 1266 3693 tradidit,

33 3721 65 3780 B,
75 3737 154 3784 ρης,
166 3739 187 3771 c.
198 3737 220 3771 2.
236 3706 317 3776 lesus
336 3705 493 3797 Christus,
508 3706 565 3800 qui
581 3706 683 3780 vincit
697 3709 733 3777 δι
750 3732 875 3803 regnat,
894 3706 1051 3804 gloriatur
1066 3709 1101 3777 &
1116 3707 1265 3803 imperat.

234 3812 308 3882 Tali
326 3811 410 3882 duce
432 3811 593 3882 christiani
611 3813 739 3903 milites,
768 3813 957 3884 Damiatam
978 3813 1117 3912 ingressi,
1141 3811 1266 3911 plateas

234 3920 301 3990 eius
332 3943 540 3990 mortuorum
569 3915 780 3992 cadaveribus
802 3920 913 3991 slratas
937 3920 1141 4013 invenerunt,
1170 3921 1265 4018 pesti-

233 4024 340 4097 lencia
353 4028 387 4096 &
400 4025 487 4096 fame
504 4026 732 4114 contritorum,
752 4050 925 4125 argentum
935 4028 971 4098 δι
982 4053 1109 4120 aurum,
1127 4027 1266 4100 multum

233 4132 329 4202 nimis
344 4155 476 4229 pannos
501 4132 628 4219 sericos,
647 4133 898 4229 negotiatorum
914 4134 1015 4205 vestes
1041 4135 1202 4230 preciosas
1230 4136 1266 4207 ἃ
