3466 5110
685 390 906 444 PRAEFATIO.
1267 400 1310 446 xv

276 608 389 671 crimine
406 605 505 692 poſsus
518 605 681 696 Nufflenses
694 607 830 694 sannam
843 607 1034 692 Quirinum,1
1052 610 1130 672 urbis
1146 625 1310 692 patronum,

272 705 402 787 precibus
413 701 569 788 fatigaffe,
590 705 624 766 ὅ
643 728 731 768 naues
745 704 891 790 diffipatas
904 707 965 795 sub
981 706 1069 790 finem
1090 707 1192 791 aprih's
1207 707 1311 794 Meffi·

276 825 342 863 nam
358 800 604 890 appulsasfuiffl.
620 800 792 890 Insequenti
804 824 874 865 vero
887 817 962 864 textu
982 803 1150 868 Rhenanus
1164 804 1194 866 δι
1208 807 1310 870 iterum

276 897 715 985 Colonienfisconveniuntseli
724 923 794 961 vero
802 899 980 964 Colonienss
988 903 1227 964 auetoridebemus
1237 917 1311 988 topo-

272 995 428 1080 graphiam
443 996 604 1074 Damiatae,
618 995 710 1056 adhuc
723 996 854 1077 ignotam.
871 997 1021 1060 Praeterea
1034 1000 1135 1083 refert,
1149 999 1312 1084 ehrssiano·

276 1116 341 1157 rum
365 1093 509 1156 machinas
535 1093 617 1153 ‹vix
635 1092 792 1174 pulverem
814 1095 903 1156 turris
928 1093 1144 1174 concuffiffe,»
1170 1101 1204 1161 δέ
1222 1099 1311 1162 civem

277 1191 461 1280 Coloniensem
476 1189 639 1252 Henricum
654 1191 687 1252 de
701 1189 869 1252 Hernothe2
890 1192 932 1252 ad
949 1192 1094 1254 machinas
1115 1196 1312 1274 construendas

276 1312 410 1372 magnam
420 1289 548 1371 pecunia
558 1289 619 1350 vim
630 1287 847 1377 contuliffi2,scd
853 1289 941 1373 paulo
951 1294 1013 1371 post
1022 1292 1270 1378 mortuumfuiffe.

315 1387 395 1470 Qua
409 1408 493 1468 quum
507 1387 548 1447 ita
553 1385 623 1470 fint,
643 1386 734 1448 adhuc
749 1390 845 1466 restat,
860 1402 891 1449 ut
904 1411 936 1449 en
949 1387 991 1452 his
1004 1390 1127 1451 omnibus
1141 1389 1312 1472 colligamus,

276 1484 351 1564 qnod
370 1485 446 1546 nobis
473 1483 712 1569 veristmillimum
733 1484 789 1568 effe
810 1485 962 1548 videatur:
984 1496 1109 1549 auctores
1123 1487 1234 1576 scilicet
1253 1488 1313 1570 ssas

277 1577 303 1641 F
304 1579 447 1661 risonem,
459 1581 678 1646 Coloniensem
686 1581 715 1644 &
724 1583 919 1662 Rhenanum,
930 1607 963 1644 cx
970 1585 1136 1674 quibusdam
1143 1585 1245 1647 diariis
1246 1585 1313 1670 stuc

278 1683 489 1758 commentariis,
504 1704 566 1762 quae
580 1683 720 1764 referunt,
734 1680 866 1764 haustffe,
879 1681 931 1743 vel
941 1681 1012 1769 ipsos
1024 1683 1053 1743 in
1068 1683 1232 1764 expeditione
1244 1706 1313 1745 cru·

277 1774 479 1860 cestgnatorum
490 1778 729 1865 versatosfuiffi.
751 1779 879 1841 Primum
893 1781 964 1841 onim
975 1777 1057 1841 Emo
1070 1780 1127 1870 ipse
1136 1793 1253 1856 narrat,
1263 1796 1274 1842 3
1275 1782 1313 1869 se

277 1895 296 1933 a
300 1874 454 1955 familiari
467 1877 585 1956 quodam
599 1874 720 1959 historice
734 1889 835 1937 tentum
849 1878 951 1962 nostrae
966 1878 1108 1961 accepiffe.
1128 1876 1229 1960 ,Quum
1244 1900 1314 1939 vero

275 1968 346 2032 Emo
363 1972 482 2053 claustri
497 1971 817 2058 Pramonstratenstum,
838 1975 913 2054 quod
927 1975 1030 2037 dicitur
1045 1975 1177 2037 Floridus
1190 1970 1314 2054 Hoitus,

277 2056 479 2150 abbasfuerit,
499 2071 533 2131 ὅ
548 2080 644 2131 auctor
664 2083 752 2132 textus
766 2071 798 2130 de
811 2071 937 2132 navibus
952 2095 971 2133 a
985 2071 1166 2134 Lauwernee
1183 2073 1313 2155 prefectis

276 2167 309 2227 δέ
320 2164 472 2255 Frisonum
483 2166 561 2228 heroi
570 2165 682 2249 Popteto
691 2167 903 2250 verbafecerit,
911 2192 966 2229 nan
976 2169 1097 2231 alienum
1106 2172 1158 2254 qffe
1167 2170 1313 2257 censemus,

277 2264 350 2347 quod
360 2261 418 2348 ipse
432 2263 594 2326 clericus&
608 2263 704 2349 Frista
718 2279 793 2326 ortus
807 2265 949 2327 habendus
963 2266 1018 2350 ff
1032 2268 1200 2329 videatur.4

317 2359 418 2441 Neque
430 2383 478 2422 nos
491 2383 595 2423 errare
604 2374 749 2444 putamus,
769 2362 894 2439 dicentes,
911 2364 984 2444 pari
996 2363 1073 2424 modo
1087 2377 1190 2425 textum
1205 2364 1313 2427 Anna-

277 2457 353 2520 lium
369 2453 614 2536 Colonienssum,
629 2481 690 2539 quo,
704 2481 766 2539 quae
781 2457 949 2546 Colonienses
963 2460 1154 2544 gffrunt&
1161 2461 1316 2550 pafflsunt

276 2557 305 2618 in
303 2557 399 2644 sacra
405 2555 680 2638 expeditionenavali
686 2556 829 2637 constituti,
835 2558 1313 2640 continentur,ecommentariisqui·

278 2651 397 2740 busdam
406 2652 676 2738 composttumfuiſje
687 2656 724 2714 ab
733 2655 827 2735 aliquo
833 2655 984 2738 peregrino
994 2655 1045 2717 vel
1051 2655 1149 2718 clerico
1157 2655 1314 2742 Colonienfi,

278 2777 365 2836 quem,
376 2752 533 2814 Ulixibonae
541 2751 714 2831 hiemantem,
725 2753 860 2817 Carmen
871 2753 990 2840 Gosuini
996 2757 1030 2816 δέ
1036 2751 1174 2836 Epistola
1182 2753 1315 2818 Guilelmi

277 2850 377 2913 comitis
389 2872 442 2910 non
457 2849 613 2927 latuerunt,
625 2849 666 2912 ita
681 2864 713 2911 ut
725 2875 758 2912 cx
771 2851 814 2928 iis,
826 2873 888 2933 quet
902 2851 959 2939 ipse
970 2851 1078 2913 uiderit
1088 2853 1122 2914 ὅ
1137 2853 1269 2932 audierit,
1280 2854 1315 2915 ξι

267 2947 458 3031 sontibusiffls
465 2944 659 3010 Colonienfis
667 2949 862 3010 narrationem
870 2948 1043 3031 conscribere
1048 2949 1177 3032 potuerit.
1185 2949 1313 3012 Ceterum

277 3067 345 3106 vero
371 3041 540 3104 Annalium
567 3040 799 3106 Colonienfium
824 3055 961 3106 auctorem
992 3045 1121 3128 Oliuerij
1145 3045 1313 3113 Historiam

279 3139 489 3205 Damiatinam
495 3141 565 3223 sere
578 3141 667 3201 uerbo
681 3155 758 3202 tenus
770 3141 952 3230 cooscrrpfiffe,
965 3142 1024 3204 iam
1038 3144 1170 3205 neminem
1175 3144 1266 3226 fugit.

321 3237 416 3301 Tertio
429 3239 576 3326 censemus,
598 3239 684 3300 textui
697 3240 816 3301 auctoris
829 3237 965 3300 Rhenani
979 3253 1090 3322 prater
1106 3240 1234 3323 Oliverij
1244 3241 1314 3305 His-

278 3337 387 3399 toriam
410 3335 526 3425 subeffl
555 3338 761 3399 commentarios
798 3335 944 3423 cuiusdam
972 3337 1121 3419 peregrini
1152 3337 1190 3398 N
1189 3339 1270 3423 uffien
1282 3361 1314 3402 ts.

278 3432 379 3514 Neque
393 3434 625 3515 pratereundum
638 3437 685 3516 est,
704 3433 867 3524 Caesarium
886 3431 1142 3520 He'sserbacensem
1156 3435 1214 3497 iam
1228 3438 1316 3518 nostri

279 3533 400 3594 auctoris
413 3531 580 3594 narratione
592 3532 625 3592 de
643 3533 745 3616 pugnis
759 3533 788 3593 in
804 3531 976 3613 Portugalia
990 3533 1087 3594 commi
1108 3556 1131 3594 cs
1146 3535 1227 3622 usum
1240 3535 1314 3617 ff,-

316 3747 327 3780 1
349 3730 390 3781 De
409 3727 493 3780 sonito
507 3726 613 3787 Quirino
632 3727 762 3782 conferam
826 3746 903 3798 quam
916 3729 1016 3799 reperiri
1031 3729 1139 3800 possunt.

278 3809 342 3862 Ana
354 3810 395 3859 SS.
408 3806 476 3872 Boot,
494 3818 568 3860 mart.
582 3823 626 3872 ιιι,
640 3814 764 3877 811-815,
864 3825 876 3872 3
892 3813 969 3876 Emo,
981 3828 1004 3880 p.
1019 3815 1079 3876 478.

280 3887 382 3957 eiusque
398 3886 431 3938 de
447 3886 609 3939 transsatione
625 3906 692 3940 anno
707 3890 763 3940 ML
861 3909 878 3954 4
899 3889 974 3943 Conf.
995 3891 1120 3954 Gelhorn,
1140 3890 1190 3943 Dic
1208 3891 1315 3944 Chronik

278 3965 354 4034 fassa,
368 3967 680 4035 L6hser,Geschichteder
694 3971 766 4022 Stadt
825 3971 869 4020 des
900 3969 958 4022 Emo
987 3972 1041 4022 and
1067 3971 1168 4036 Menke,
1204 3973 1314 4041 Damig,

278 4048 368 4117 Ncuss,
384 4054 460 4113 1840,
473 4055 565 4115 44-46.
830 4051 905 4112 1872,
917 4068 942 4117 p.
952 4067 982 4117 45
995 4050 1088 4116 Wind,
1101 4047 1313 4106 ositremont.

316 4150 330 4183 u
351 4129 423 4183 Istius
444 4130 557 4199 pessonae
581 4127 683 4198 vestigia
707 4127 763 4180 nus·
826 4128 963 4196 Gischs'ed,
979 4137 1067 4194 34-36.
