3466 5110
451 339 484 418 xl
858 355 1082 412 ennenno.

443 576 561 665 summa
575 597 636 638 cum
651 575 795 658 diligentia
815 587 960 658 exponunt,
973 574 1121 638 multal
1087 575 1158 654 aia,
1172 595 1234 657 qua
1249 575 1285 636 ab
1307 573 1370 636 aliis
1389 595 1486 636 cruce·

442 673 564 784 stgnatis
577 673 683 756 egregie
693 671 860 761 gestasunt
874 686 906 733 nt
918 673 1142 756 expugnationem
1157 671 1233 736 arcis
1245 671 1407 749 maritima,
1422 673 1487 734 bre-

435 772 528 834 viter
552 784 789 834 commemorantes
810 768 919 843 (Gesta
942 768 975 832 P.
992 773 1028 834 δ’
1051 769 1111 848 M
1135 767 1193 830 Iob.
1216 769 1250 830 de
1274 765 1389 848 Tulbia,
1414 767 1486 832 Lib.

453 866 594 952 Duellij).
608 867 666 945 Atij
679 890 748 930 vero
759 867 861 945 clerici,
872 887 988 948 quorum
999 881 1140 950 principes
1148 863 1279 929 Iacobus
1291 866 1329 928 de
1343 867 1486 930 Vitriaco

451 968 485 1029 ὅ
501 963 662 1030 Oliverius
684 965 805 1028 uocandi
817 964 898 1054 sunt,
917 978 970 1028 aut
985 987 1048 1046 qua
1069 963 1122 1046 ipss
1144 963 1281 1026 viderunt
1297 965 1331 1026 fid
1342 964 1488 1046 fecerunt,

453 1077 505 1126 aut
527 1085 590 1145 qua
610 1061 772 1145 populares
793 1064 947 1148 gesserunt,
971 1085 1055 1143 neque
1075 1075 1167 1123 tamen
1188 1061 1332 1139 orationes,
1349 1061 1401 1123 uel
1419 1085 1488 1126 vere

375 1207 377 1211 -
453 1159 573 1237 habitas,
584 1160 636 1222 uel
633 1159 730 1242 fictas,
739 1160 767 1221 in
761 1159 896 1248 serentes,
907 1172 960 1222 aut
968 1148 1117 1240 theologica
1127 1159 1250 1238 quadam
1261 1157 1423 1239 eloquentia,
1437 1174 1491 1224 aut

453 1257 527 1319 nudo
542 1256 703 1342 acfimplici
714 1258 775 1335 stilo
790 1256 840 1342 ust,
853 1258 992 1340 referunt.

494 1354 623 1418 Alterius
637 1378 707 1417 vero
721 1355 824 1416 ordinis
830 1354 1012 1442 suntsontes,
1027 1353 1123 1437 quibus
1137 1351 1350 1436 qua-Iohannes
1372 1376 1423 1417 reos
1441 1357 1493 1419 uel

455 1454 536 1516 duces
554 1453 631 1516 electi
643 1453 768 1514 dixerint
782 1456 816 1516 fid
832 1452 977 1536 gefferint,
997 1454 1116 1515 maxime
1136 1467 1338 1532 memorantur,
1352 1449 1490 1515 nonnullis

455 1551 510 1613 omi
531 1574 563 1628 es,
578 1550 630 1613 uel
636 1549 723 1639 falso
743 1551 838 1613 ordine
859 1551 1041 1632 chronologico
1057 1550 1199 1640 dispoſstis,
1213 1574 1275 1632 qua
1289 1551 1402 1614 aliunde
1416 1549 1490 1612 nobis

458 1649 637 1727 nuntiantur,
652 1649 749 1728 quibus
763 1662 854 1711 autem
866 1650 995 1728 maxime,
1009 1671 1072 1731 quae
1081 1650 1187 1710 adrem
1197 1649 1346 1712 militarem
1350 1648 1490 1738 spetiant,

456 1749 491 1810 δ’
504 1747 534 1809 in
549 1746 647 1828 castris
661 1744 774 1832 hostium
793 1747 949 1810 deliberata
970 1746 1022 1809 vel
1021 1747 1112 1830 satta
1117 1747 1199 1836 sunt,
1212 1760 1386 1832 exponuntur
1401 1743 1490 1818 (Era-

458 1841 531 1921 cles‚
541 1842 662 1920 Ernoul,
673 1841 779 1906 Recits
789 1843 830 1906 du
839 1843 998 1906 menestrel
1011 1843 1048 1906 de
1060 1843 1187 1923 ReimsJ.
1198 1843 1316 1907 Horum
1329 1844 1490 1928 insmtium

460 1963 576 2002 numero
592 1941 733 2025 ponendus
757 1942 795 2026 ιβ
817 1954 913 2019 textus,
934 1964 1012 2022 quem
1035 1940 1196 2024 Anonymus
1205 1942 1391 2026 provincialis
1411 1942 1490 2004 rede-

454 2036 529 2120 giffl
543 2036 667 2099 uidetur.
681 2037 730 2100 De
743 2037 777 2100 iis
790 2059 869 2115 vero,
883 2059 946 2119 qua
958 2038 986 2098 in
1002 2037 1123 2100 omnibus
1136 2037 1200 2100 aliis
1213 2037 1345 2101 chronicis
1357 2036 1491 2121 &fonti-

458 2136 509 2197 bus
522 2135 556 2196 de
571 2135 652 2196 rebus
666 2157 685 2196 a
700 2133 857 2219 chrytients
868 2135 898 2196 in
911 2134 1020 2218 ¹‚Quinto
1034 2134 1198 2223 bellosacro
1206 2137 1297 2217 gestis,
1312 2136 1490 2219 referuntur,

458 2236 488 2298 in
495 2234 675 2323 sequentibus
689 2233 769 2298 buius
782 2235 940 2299 collectionis
960 2236 1155 2315 voluminibus,
1172 2251 1283 2318 quanta
1301 2236 1491 2318 diligentia&

457 2332 599 2419 industria
611 2331 747 2417 pofflmus,
760 2334 834 2396 nobis
849 2335 985 2415 agendum
999 2334 1061 2397 erit.

503 2525 633 2605 conix,
644 2551 676 2588 ex
688 2547 739 2609 quo
747 2525 782 2587 P.
794 2525 933 2608 Meyerus
943 2526 1015 2589 hunc
1026 2539 1128 2588 textum
1135 2529 1293 2609 fragmenti
1297 2527 1493 2609 provincialis,

457 2622 555 2708 inſsgm
552 2623 696 2685 doctrina
709 2625 743 2686 ld
752 2623 848 2704 fludio
866 2624 998 2686 edendum
1016 2627 1141 2704 curavit,
1159 2627 1189 2688 in
1208 2625 1367 2690 bibliotheca
1380 2624 1493 2687 Arma·

459 2733 542 2782 mente
538 2717 680 2803 Paresten
676 2717 728 2802 βε,
726 2718 786 2805 sub
794 2731 828 2778 n0
833 2737 908 2801 5991
918 2721 1090 2805 offertiones,
1101 2737 1111 2770 ¹
1122 2736 1222 2804 premes
1206 2721 1317 2810 saecn
1313 2721 1367 2782 cX
1364 2721 1383 2782 I
1386 2717 1417 2785 V
1414 2741 1494 2782 annes

450 2816 589 2906 scriptus,
599 2808 658 2896 secl
672 2815 795 2877 murium
813 2817 937 2878 dentibus
950 2839 1040 2880 nmnu
1042 2819 1085 2880 llis
1042 2818 1164 2880 llocis
1178 2818 1363 2907 corrosusest.
1382 2816 1497 2902 Constat

460 2936 533 2976 nunc
543 2926 664 2996 quatuor
672 2912 797 2995 plagulis
806 2915 835 2974 in
850 2913 983 2978 binasl
940 2936 969 2976 co
982 2937 1081 2980 umnas
1090 2915 1195 3001 diviſss,
1209 2939 1331 2998 quarum
1341 2937 1369 2976 cn
1347 2913 1495 2999 fingitis

461 3008 503 3091 liis
499 3008 606 3073 linea
627 3009 744 3094 scripta
758 3009 850 3099 sunt,·
873 3011 954 3072 codex
977 3033 1046 3072 vero
1066 3011 1164 3095 plenus
1179 3013 1235 3099 sex
1250 3026 1271 3095 p
1273 3010 1495 3100 lagnlassaltem

460 3106 591 3193 babuiffi
607 3107 732 3186 uidetur,
747 3108 776 3170 in
791 3109 888 3190 quibus
900 3108 1008 3170 inicium
1013 3109 1186 3191 fragmenti,
1199 3109 1280 3195 idest
1298 3108 1439 3194 inscriptio
1451 3109 1496 3185 fid,

461 3224 526 3284 qun
549 3203 733 3288 crucefignati
753 3205 838 3294 usque
864 3206 905 3267 ad
926 3205 1111 3288 februarium
1137 3204 1320 3269 MCCXIX
1342 3206 1495 3290 gofferunt,

462 3301 684 3364 continebantur.
710 3301 824 3365 Praeter
837 3303 1040 3385 fragmentum
1066 3327 1146 3382 vero,
1176 3301 1314 3386 Epistola
1331 3302 1408 3389 satis
1431 3314 1496 3364 nota

462 3394 610 3464 Iohannis
636 3398 804 3482 Prelbyteri
821 3399 881 3488 scd
910 3399 1054 3478 mutilata,
1084 3399 1201 3463 Fabula
1226 3398 1304 3462 Peiri
1331 3398 1494 3462 cardinalis

462 3495 654 3558 Unaciutatz
676 3499 710 3560 δ’
736 3496 905 3580 Catalogus
925 3497 1141 3580 episcoporum
1172 3497 1254 3560 orbis
1280 3512 1439 3575 terrarum,
1466 3497 1495 3558 in

462 3592 552 3656 codice
566 3595 655 3678 nostro
668 3593 811 3674 leguntur.
1108 3582 1111 3587 ’

501 3896 511 3929 1
531 3877 598 3931 Cod.
613 3878 693 3942 latin,
705 3891 734 3930 n0
744 3895 821 3946 5991,
832 3878 901 3930 cuius
916 3878 952 3930 vi·
1009 3876 1495 3941 Bibliotb.del'Ecoledeccbartec,1877.

463 3957 523 4010 desso
545 3971 689 4011 accuratam
711 3958 901 4027 descriptionem
926 3957 951 4010 in
1011 3974 1037 4026 p.
1048 3963 1173 4026 498-500‚
1190 3976 1248 4025 5⁰5·
