3462 5110
465 304 531 404 156
551 305 553 310 ’
711 325 823 377 tmen
841 324 995 377 nuettu
1012 323 1239 376 eumerium

386 545 636 623 1219e²mai18l³l⁸l
654 551 703 613 liic
719 551 750 612 in
768 549 918 614 eternum!
940 543 1021 639 Qu
1041 539 1167 630 auditu,
1188 539 1339 612 soldanus
1357 543 1392 611 &
1405 541 1492 612 Cor-

457 647 588 719 radinus
606 643 823 721 cucurrerunt¹
836 647 879 719 ad
896 647 1041 738 cabfum,
1059 648 1153 717 suum
1165 673 1300 746 papam,
1328 644 1491 718 dicentes:

459 764 602 844 Domine,
641 783 727 852 capre
755 763 793 847 esi
827 760 986 842 nemim,
1020 782 1051 825 ut
1081 759 1249 825 credimus!
1287 754 1357 850 Qui
1386 753 1493 824 statim

458 864 596 957 proiecit
611 864 735 959 pileum
752 863 814 937 five
831 888 993 934 coronam
1009 864 1101 932 suam
1117 865 1151 932 in
1170 887 1289 932 terram
1306 863 1341 931 &
1357 859 1492 933 concul-

458 993 534 1039 cans
561 995 636 1040 eam
657 996 734 1040 cum
750 970 951 1066 blasphemia
968 969 1031 1039 Dei
1049 970 1095 1039 sui
1112 967 1209 1039 dixit:
1230 971 1298 1038 Heu
1316 997 1372 1058 me,
1390 995 1492 1037 eamus

459 1103 559 1145 omnes
576 1078 785 1148 &moriemur
802 1106 866 1147 cum
885 1078 976 1147 illis!
1057 1123 1058 1126 =

414 1189 418 1198 ¹
506 1183 652 1254 XXXlV.
671 1184 705 1254 Et
723 1208 882 1256 venerunt
899 1209 975 1253 cum
994 1181 1220 1278 mangenellis,
1250 1206 1350 1252 manu
1368 1205 1493 1251 armata

459 1288 612 1360 foliatum
628 1291 772 1361 nostrum
786 1317 864 1361 curn
877 1292 1018 1360 maxima
1032 1291 1064 1359 vi
1077 1290 1288 1375 intraverunt,
1304 1312 1492 1385 gravatum-

440 1399 523 1493 'que
541 1398 585 1467 est
601 1398 751 1493 prelium,
778 1401 813 1467 ἃ
830 1397 924 1468 multi
951 1395 993 1467 de
1018 1396 1131 1466 nostris
1159 1392 1255 1466 occist
1277 1397 1312 1465 ἃ
1334 1394 1494 1466 vulnerati

458 1505 532 1574 sunt
557 1506 590 1573 in
616 1503 668 1574 die
693 1503 757 1595 illa,
784 1502 825 1574 de
850 1504 1030 1574 Sarracenis
1057 1527 1191 1598 quoque
1216 1504 1299 1572 inter
1327 1526 1432 1597 equos
1459 1503 1493 1571 ὅ(

459 1613 583 1706 equites
603 1612 669 1682 fere
687 1609 755 1681 duo
774 1610 863 1680 milia
881 1611 1002 1680 mortui
1019 1609 1158 1680 firerunt.

549 1825 600 1891 Ue
615 1847 721 1913 quarta
737 1827 955 1916 expugnatione
975 1822 1006 1890 δ’
1023 1825 1150 1892 adventu
1167 1827 1293 1912 bostium
1314 1847 1400 1890 nono.

354 2052 445 2111 Iul-3¹·
509 2037 641 2109 XXXV.
674 2039 777 2108 Prima
805 2036 858 2108 die
887 2037 1039 2109 calendas
1070 2039 1202 2136 Augusti
1234 2040 1362 2109 summo
1394 2064 1493 2122 mane

460 2146 634 2219 Christiani
651 2147 769 2216 iterum
793 2143 965 2217 trahebant
990 2141 1130 2216 iocchas
1157 2172 1231 2216 cum
1247 2146 1331 2216 scala
1356 2174 1415 2244 per
1432 2144 1492 2216 flu·

459 2279 536 2322 men
561 2277 636 2322 ante
661 2253 770 2322 menia
798 2252 946 2322 civitatis.
978 2253 1069 2322 Scala
1092 2253 1277 2322 Pisanorum
1301 2253 1408 2349 prima
1434 2254 1494 2323 fuit
1507 2269 1523 2316 f.
1533 2270 1575 2315 180
1585 2284 1602 2312 a.
1699 2239 1700 2266 l

459 2357 500 2429 ad
521 2385 633 2428 muros
651 2357 766 2453 posita,
786 2385 849 2453 que
874 2360 940 2428 cito
960 2359 1025 2429 fere
1043 2381 1113 2428 tota
1131 2359 1192 2429 fuit
1211 2357 1391 2430 combusta.
1419 2363 1493 2431 Hos

458 2487 569 2532 autem
594 2461 741 2535 videntes
768 2465 893 2537 nostros
922 2466 965 2535 ita
991 2467 1206 2560 concremari,
1234 2463 1330 2536 valde
1355 2466 1493 2564 plange·

459 2567 583 2641 bamus,
608 2571 702 2640 Tunc
724 2572 891 2642 Sarraceni
915 2569 1120 2642 adduxerunt
1146 2569 1300 2643 barbotas
1325 2574 1359 2642 ὅ(
1384 2573 1494 2670 galeas

456 2702 595 2746 armatas
611 2702 671 2772 per
683 2674 817 2748 flumen.
835 2678 951 2748 Nostre
966 2702 1075 2748 autem
1089 2678 1182 2775 galee
1201 2703 1270 2748 non
1289 2702 1382 2749 erant
1399 2681 1494 2775 supra

457 2785 602 2854 nostrum
615 2809 766 2879 pontem,
783 2788 817 2854 ὅ(
831 2811 896 2855 una
910 2785 970 2855 fuit
984 2782 1026 2855 ab
1044 2787 1087 2856 eis
1106 2783 1286 2874 combusta,
1304 2785 1493 2857 noluerunt-

459 2914 522 2983 que
541 2892 640 2960 etiam
653 2914 794 2987 pontem
811 2893 957 2962 nostrum
973 2916 1195 2982 concremare,
1215 2888 1259 2961 ob
1277 2894 1367 2963 cuius
1381 2890 1493 2963 defen·
1598 2949 1602 2954 -

458 2993 580 3066 sionem
595 2997 725 3093 plurimi
739 2997 779 3068 de
794 2999 907 3068 nostris
918 2999 989 3068 sunt
1001 2997 1170 3070 vulnerati.
1186 3003 1219 3068 ln
1234 2996 1368 3070 meridie
1382 3023 1493 3070 autem

458 3102 561 3199 polita
579 3105 623 3175 est
641 3104 703 3175 alia
717 3105 799 3175 scala
816 3105 910 3202 supra
925 3132 1056 3176 murum
1069 3106 1220 3190 civitatis,
1237 3108 1271 3176 ὅ(
1289 3131 1367 3176 cum
1382 3102 1494 3175 debuit

458 3212 616 3300 reclinari,
632 3213 731 3281 frana
750 3212 802 3282 est.
821 3216 901 3282 Item
914 3215 1003 3285 venit
1020 3212 1082 3282 alia
1099 3212 1185 3283 scala
1203 3210 1405 3284 lanuensrum
1424 3210 1493 3282 des-

399 3328 402 3334 '
459 3318 603 3390 cendens
625 3319 719 3414 supra
737 3344 879 3390 murum.
908 3320 1004 3390 Tunc
1026 3318 1142 3416 gladiis
1160 3328 1309 3417 pugnare
1327 3343 1493 3415 ceperunt,

459 3431 504 3507 ita
522 3425 614 3520 quod
631 3425 755 3522 lapides
773 3429 808 3495 &
826 3427 932 3498 iacula
957 3429 989 3498 in
1008 3429 1172 3499 civitatem
1188 3425 1443 3524 proiiciebantur
1460 3430 1494 3497 &

460 3535 580 3604 multos
594 3531 810 3605 vulnerabant
822 3537 857 3603 &
868 3532 1114 3606 interficiebant.
1129 3535 1249 3632 Pagani
1263 3559 1375 3606 autem
1387 3535 1494 3604 immi-

460 3642 568 3711 serunt
576 3641 671 3736 super
684 3639 803 3710 scalam
816 3641 928 3737 ignem
942 3631 1082 3736 eamque
1096 3637 1351 3713 combullerunt.
1364 3642 1409 3710 At
1422 3665 1493 3730 nos,

462 3747 518 3840 qui
535 3773 661 3817 eramus
679 3749 713 3817 in
730 3772 824 3840 terra,
850 3747 910 3818 hec
928 3746 1087 3838 videntes,
1109 3745 1198 3818 flexis
1216 3745 1365 3844 genibus,
1384 3750 1494 3818 Deum

462 3851 627 3948 deprecati
645 3856 752 3925 sumus
770 3854 932 3926 dicentes:
953 3861 1085 3924 Domine
1108 3859 1193 3948 ihesu
1213 3859 1339 3946 Christe,
1359 3862 1411 3946 qui
1430 3860 1493 3924 Tua

463 3965 672 4055 misericordia
690 3968 826 4032 mundum
841 3969 944 4052 venisti
956 3967 1102 4033 redimere
1117 3963 1146 4031 ἃ
1163 3965 1199 4032 de
1214 3987 1297 4032 utero
1312 3965 1406 4030 beate
1425 3967 1493 4033 Vir·

462 4075 548 4166 ginis
572 4095 687 4139 carnem
701 4073 822 4164 voluisti
841 4077 978 4166 accipere
993 4077 1152 4140 humanam
1169 4053 1444 4166 &peridigrrems
1462 4095 1493 4139 es
