3466 5110
474 363 525 416 DE
551 362 837 417 PREDICACIONE
862 366 887 416 S.
913 365 1053 418 CRUCIS.
1234 364 1271 444 15

245 585 355 683 postea
368 583 475 654 noluit
486 584 648 674 sustinere,
667 582 759 679 quod
773 585 845 654 suus
859 610 940 681 puer
957 584 1191 658 comederetur.
1209 586 1276 658 Rex

246 717 355 764 autem
375 693 457 764 illius
480 719 560 764 tetre
586 691 849 764 comminabatur
872 692 1003 763 Heliseo
1025 718 1177 785 mortem,
1200 695 1276 790 quia

246 800 351 870 noluit
376 799 544 896 deprecati
566 802 687 890 Deum,
720 822 755 869 ut
781 799 883 869 sames
901 796 1035 870 cessaret
1054 802 1095 890 (2
1115 801 1206 898 Reg,
1226 822 1276 891 VI,

37 918 63 959 Α·
80 913 169 971 ΜΗ,
182 928 233 961 ⁶·2·
248 908 386 1005 26·33).
415 907 470 978 Per
495 907 630 978 alteram
652 906 820 976 mulierem
851 904 1047 1003 fignificatur
1075 931 1164 997 car0,
1188 910 1276 978 cuius

246 1039 326 1108 puer
351 1013 545 1084 comeditur.
580 1005 658 1083 Hoc
685 1014 738 1100 est,
772 1038 871 1109 opera
899 1037 1045 1108 pereunt,
1077 1013 1195 1085 scilicet
1218 1040 1276 1110 per

245 1119 369 1217 gulam,
387 1121 440 1191 vel
451 1121 621 1207 luxuriam,
639 1118 692 1190 vel
704 1117 792 1189 aliud
807 1143 980 1214 peccatum
997 1122 1117 1212 carnis3
1135 1147 1192 1217 per
1203 1123 1276 1193 reli·

246 1253 346 1322 quam
373 1226 544 1299 mulierem
565 1225 761 1325 fignificatur
784 1224 927 1321 quelibet
947 1225 1050 1297 fidelis
1068 1229 1188 1319 anima,
1212 1253 1276 1324 que

247 1359 315 1403 non
336 1334 405 1405 vult
428 1335 589 1425 sustinere,
617 1331 708 1428 quod
729 1334 802 1403 suus
824 1358 905 1429 puer
926 1332 1109 1426 devoretur,
1136 1334 1201 1405 hoc
1222 1336 1276 1425 est,

246 1439 338 1535 quod
364 1441 419 1510 sua
447 1466 548 1536 opera
587 1465 721 1536 pereant
752 1463 887 1536 propter
921 1439 1051 1512 delicias
1079 1443 1192 1514 carnis.
1221 1443 1277 1514 Per

246 1547 423 1638 Helyseum
441 1545 637 1644 significatur
653 1547 807 1617 Christus.

295 1659 390 1726 Item:
408 1654 541 1751 Triplex
558 1656 601 1726 est
614 1656 726 1724 mensa
739 1656 886 1749 corporis
906 1679 964 1748 pet
976 1652 1068 1724 cibos
1086 1656 1204 1746 anime,
1218 1682 1277 1753 per

244 1761 446 1831 sacramenta
460 1762 623 1856 utriusque
636 1763 670 1830 in
685 1760 769 1852 ce10,
783 1759 839 1831 ubi
851 1759 956 1830 nuilus
971 1759 1178 1833 estdefedius.
1193 1763 1275 1834 Refi-

245 1868 371 1937 ciantur
391 1868 490 1966 igitur
510 1869 543 1938 in
569 1867 635 1937 hoc
661 1868 769 1938 seculo
792 1891 860 1938 tam
886 1865 976 1955 cibis,
1003 1865 1116 1962 quoad
1145 1894 1276 1968 corpus,

146 2055 150 2062 ¹
246 1999 345 2069 quam
360 1976 577 2066 sacramentis,
596 1972 708 2070 quoad
726 1976 882 2066 animam,
898 1973 1076 2046 secundum
1090 1973 1276 2048 dositinam

244 2084 308 2152 Dei
331 2105 366 2151 ut
382 2080 564 2152 reficiamur
581 2079 624 2151 ad
647 2081 793 2152 mensam
810 2080 959 2152 celestem
981 2082 1016 2150 in
1034 2104 1183 2153 eternum
1199 2109 1276 2154 cum

244 2190 349 2286 gloria
365 2187 582 2260 indeficiente.

296 2301 388 2366 stem:
407 2294 486 2393 Eget
503 2293 592 2367 dives
610 2296 643 2365 in
662 2296 824 2391 principio
843 2293 961 2385 morbi,
979 2297 1140 2389 quoniam
1153 2299 1277 2375 recusat

245 2401 423 2492 medicum,
450 2401 531 2473 dum
552 2402 657 2472 curari
678 2401 794 2497 potest,
824 2403 858 2471 &
881 2400 997 2492 dissert,
1024 2400 1144 2492 donec,
1166 2403 1275 2499 super-

244 2511 396 2582 veniente
417 2532 535 2598 morte,
562 2511 666 2578 curari
685 2534 752 2580 non
770 2508 887 2604 potest,
908 2511 943 2578 ὃ(
961 2533 1038 2578 tunc
1056 2509 1177 2580 recusat
1199 2536 1276 2580 eum

245 2614 407 2706 medicus,
418 2613 459 2685 fic
469 2616 514 2685 est
523 2614 564 2686 de
573 2640 757 2711 peccatore,
772 2616 830 2710 qui
838 2616 978 2710 sequitur
988 2639 1131 2686 carnem.
1146 2617 1277 2712 Respuit

245 2725 334 2795 enim
352 2719 551 2792 medicinam
569 2723 644 2813 Dei,
663 2721 798 2817 quando
815 2725 904 2794 Deus
922 2722 953 2792 se
970 2720 1065 2792 offert
1083 2722 1111 2792 ei
1129 2725 1164 2793 &
1177 2749 1276 2794 vocat

244 2858 321 2903 eum
334 2827 377 2902 ad
391 2830 560 2900 servicium
573 2830 675 2919 suum,
691 2832 726 2899 ἃ
736 2828 842 2900 dissert
856 2853 1019 2924 peccator,
1035 2827 1155 2920 donec,
1169 2854 1276 2901 morte

244 2935 507 3034 superveniente,
536 2936 646 3007 veniat
674 2933 848 3026 iudicium,
878 2938 912 3006 &
943 2960 1021 3028 tunc
1051 2939 1172 3034 respuit
1200 2964 1276 3008 eum

245 3044 418 3114 Dominus.

293 3152 385 3223 stem:
407 3151 572 3248 Sanguine
596 3151 716 3221 Christi
733 3147 925 3221 calefiebant
943 3149 1026 3222 clavi
1047 3152 1080 3221 in
1099 3176 1208 3242 cruce3
1234 3149 1276 3223 fic

246 3253 368 3328 debent
376 3281 568 3352 peccatores
581 3255 719 3329 accendi
730 3260 763 3328 in
776 3259 908 3329 caritate
922 3256 964 3328 ad
977 3259 1148 3330 servicium
1157 3257 1277 3329 Christi

40 3389 62 3432 n
72 3387 87 3436 f.
97 3390 126 3437 ει
139 3389 164 3447 u,
176 3403 198 3433 c.
212 3400 233 3433 1.
245 3388 305 3459 per
320 3363 512 3460 sanguinem
525 3364 651 3436 Christi.
671 3366 725 3436 Pet
742 3363 853 3437 clavos
866 3367 955 3436 enim
968 3362 1185 3462 fignificantur
1197 3389 1275 3461 pec·

247 3493 372 3542 catores
393 3471 528 3541 racione
550 3471 734 3569 frigiditatis
751 3474 785 3542 &
802 3471 946 3562 duriciei,
977 3474 1012 3542 &
1037 3496 1096 3566 per
1120 3471 1276 3542 malleum

245 3573 390 3674 infigitur
411 3576 520 3646 clavus
549 3577 583 3647 in
606 3602 716 3669 cruce,
740 3574 783 3647 fic
802 3604 861 3674 per
882 3575 1160 3675 ponderofitatem
1178 3578 1275 3675 culpe

246 3681 428 3780 inpingitur
443 3708 601 3779 peccator
616 3686 651 3755 in
668 3685 847 3754 cruciatum
863 3710 949 3781 pene
965 3684 1167 3783 gehennalis.
1318 3767 1319 3770 Ἴ

295 3786 387 3861 stem:
407 3794 441 3859 ln
456 3789 631 3888 Evangelio
649 3791 777 3889 legitur,
796 3789 889 3887 quod
906 3790 1042 3887 quidam
1058 3792 1153 3888 porci
1168 3793 1276 3863 vexati

246 3920 339 3966 erant
356 3923 375 3966 a
393 3894 591 3966 demonibus
608 3895 828 3969 &currebant
844 3899 878 3968 in
897 3924 985 3970 mare
1002 3899 1197 3989 (Luc.,vl11,
1212 3897 1273 3970 26-

245 4001 325 4099 36),
338 4000 381 4072 stc
391 4003 435 4074 est
448 4000 489 4074 de
500 4001 696 4098 quibusdam
704 4001 904 4095 hominibus,
918 4006 973 4101 qui
985 4002 1028 4074 sic
1036 4006 1151 4077 vivunt
1163 4003 1274 4076 secun·

244 4106 326 4180 dum
342 4133 476 4182 carnem
497 4134 556 4207 per
578 4107 760 4182 demonum
776 4111 1029 4210 suggestionem,
1051 4110 1143 4210 quod
1161 4111 1276 4186 vivunt
