3462 5110
512 405 552 458 ΙΝ
570 405 767 459 ousuuouu
784 404 982 458 nnumin.
1194 407 1260 485 149

234 653 279 698 tur
304 651 382 708 uos;
406 634 447 698 ire
475 627 506 698 δ’
530 631 657 698 occidite
685 653 775 720 equos
801 626 832 696 θ
858 633 1001 720 imponite
1026 630 1070 696 ibi
1093 655 1158 698 eum
1181 630 1258 699 uelis
1273 654 1331 702 1²18

233 738 353 804 nuvium
370 734 400 802 ὂ
417 761 481 803 cum
500 737 633 804 omnibus
652 737 819 826 obstaculis,
839 761 894 826 que
906 739 1069 826 potueritis
1090 737 1206 822 hebere,
1226 761 1258 806 ut

192 891 193 896 η
233 867 309 932 eque
331 867 388 910 non
401 843 491 933 poffit
507 844 612 911 rodere
619 843 772 935 sabulum,
801 842 1062 912 &liberabimuri
1087 839 1143 911 Ad
1165 842 1258 936 quod

232 945 421 1018 faciendum
452 973 567 1018 omnes
602 973 809 1019 cucurrerunt
844 949 976 1043 citoque
1005 945 1040 1018 id
1070 944 1255 1020 effecerunt.

233 1058 349 1124 Iterum
372 1055 470 1125 tercia
491 1053 544 1125 die
562 1080 652 1126 mare
677 1052 847 1125 crudeliter
861 1054 995 1126 laniavit
1010 1053 1166 1128 vallatum
1182 1055 1257 1126 nos·
1272 1083 1360 1132 um.
1425 1107 1428 1113 ·
1483 1096 1485 1100 ·

124 1249 129 1264 Ι
231 1184 326 1232 trum.
352 1161 448 1232 Tunc
468 1186 540 1250 nos,
568 1163 646 1256 quia
669 1159 711 1232 de
732 1163 797 1232 vita
817 1159 984 1256 desperati,
1002 1162 1198 1232 cucurrimus
1215 1160 1257 1232 ad

230 1265 387 1364 legatum,
413 1269 499 1338 circa
515 1267 615 1363 pedes
641 1269 708 1339 eius
730 1293 806 1338 cum
827 1293 869 1338 eo
890 1269 1050 1360 morituri,
1079 1267 1258 1363 omnesque

230 1371 469 1446 lacrimabiliter
485 1373 624 1445 diximus
640 1373 683 1446 ad
700 1401 792 1470 eum:
820 1381 963 1463 Domine,
982 1377 1075 1470 salve
1092 1403 1157 1463 nor,
1174 1382 1259 1468 peti·

230 1488 316 1552 mus!
334 1481 477 1573 (Matth,
488 1502 567 1573 VIII,
588 1484 658 1581 25.)
677 1484 746 1580 Qui
763 1481 843 1553 dixit
855 1480 968 1554 nobis:
985 1488 1096 1552 Eamus
1108 1486 1148 1551 nd
1157 1485 1259 1575 fuffu-

229 1595 309 1658 tum!
335 1588 575 1684 Venientesque
602 1615 711 1661 autem
728 1589 770 1660 ad
788 1585 953 1682 foliatum,
977 1590 1045 1685 ipse
1067 1590 1098 1660 se
1116 1589 1260 1660 extendit

228 1696 262 1766 in
285 1694 424 1767 modum
450 1697 551 1766 crucis
579 1697 809 1793 superterram
833 1699 879 1788 ἃ,
906 1694 1114 1792 discooperto
1140 1697 1258 1790 capite,

229 1804 335 1874 oravit
359 1801 403 1873 ad
420 1805 604 1874 Dominum
619 1806 653 1874 &
671 1803 764 1874 dixit:
789 1807 921 1873 Domine
945 1806 1031 1896 Ilteesu
1058 1805 1183 1894 Christe,
1206 1809 1259 1895 qui

228 1915 409 1980 excitatura
427 1916 531 1997 Petro,
549 1913 617 1980 dum
636 1917 701 1980 eius
717 1913 857 1980 navicula
871 1935 1063 2003 mergeretur,
1084 1911 1177 1978 eidem
1195 1913 1259 2002 res-

223 2019 377 2107 pondisti:
408 2017 559 2088 Moutcu
582 2035 695 2107 uiuet,
714 2015 1134 2106 QuARuuuBITAsT1,ie
1150 2021 1258 2106 statim

227 2117 377 2214 impirusti
399 2131 495 2193 ventis
517 2124 653 2214 &mari
680 2124 710 2192 i»
720 2129 812 2216 suein
834 2130 873 2215 eii
898 2124 1107 2214 tranquillitas
1129 2131 1160 2194 in
1180 2129 1258 2194 muri

230 2227 372 2325 (Matth,
391 2250 471 2321 VIII,
492 2229 560 2321 263
578 2251 654 2321 XIV,
673 2235 747 2328 31),
762 2234 880 2300 intende
896 2258 981 2317 nunc,
996 2231 1128 2324 piiffime
1147 2236 1257 2301 Domi-

226 2363 292 2425 πω,
312 2341 409 2430 super
435 2345 518 2430 istum
542 2340 639 2409 Iocum
666 2338 800 2430 &super
818 2341 986 2408 habitantes
1012 2345 1042 2407 in
1067 2365 1113 2424 eo,
1142 2343 1256 2430 impera

226 2449 304 2512 mari
327 2444 358 2512 ὅ»
375 2449 482 2536 fluuio,
501 2471 534 2515 ut
549 2449 672 2515 redeunt
689 2451 719 2515 in
739 2449 836 2515 locum
845 2449 948 2540 suum,
970 2445 1129 2538 &impera
1146 2449 1254 2531 nentis,

226 2575 258 2619 ut
275 2555 436 2645 quiescant,
455 2580 491 2621 ne
498 2555 631 2646 populus
640 2558 801 2647 fatigatus
819 2561 938 2625 omnino
955 2557 1085 2645 deficiet,
1100 2556 1162 2646 sed
1185 2556 1256 2623 ‘sibi

225 2662 329 2730 redden
346 2661 452 2728 lauder
469 2660 500 2729 ἃ
516 2667 638 2754 gratias
655 2689 729 2730 nunc
749 2661 780 2730 δ’
798 2667 829 2750 iti
841 2687 1027 2756 perpetuum,
1053 2667 1105 2753 qui
1123 2667 1202 2731 uiuis
1224 2663 1255 2731 ὅ»

225 2794 335 2862 regnes
353 2773 439 2838 ‘Deus
449 2795 508 2863 pet
522 2773 622 2838 omniu
629 2771 736 2862 secuit
746 2772 944 2864 seculorum!
959 2769 1056 2839 Hanc
1070 2770 1254 2840 orationem

226 2873 394 2946 audientes
422 2873 664 2969 respondi-mus:
696 2882 807 2947 ermen.
838 2878 931 2947 Paua
956 2899 1066 2946 autem
1093 2877 1254 2966 oratione,
1303 2961 1305 2966 Ι

224 2982 372 3076 protinus
402 2985 553 3079 apparuit
581 2983 629 3054 sol
658 2982 940 3078 splendidiffrmuS,
974 3009 1042 3080 quo
1072 2981 1257 3080 superficies

225 3112 305 3160 tetre
330 3087 450 3161 eodem
476 3088 529 3162 die
554 3093 599 3162 ita
624 3091 669 3162 est
686 3090 865 3181 defficcata,
893 3089 984 3186 quod
1011 3090 1172 3180 viiiualia,
1191 3117 1255 3186 que

224 3219 299 3266 ante
323 3222 408 3292 pene
430 3199 557 3300 fuerant
579 3197 715 3293 perdita,
735 3200 827 3297 gravi
847 3198 995 3294 dampno
1014 3199 1142 3269 fuerunt
1162 3225 1252 3270 recu-

225 3327 344 3398 perata.
364 3309 397 3374 ln
413 3303 534 3375 eodem
554 3304 632 3375 loco
650 3307 763 3401 quinta
780 3331 852 3402 pars
869 3306 1027 3378 exercitus
1045 3329 1175 3376 mortua
1193 3307 1255 3377 fuit

224 3436 263 3480 ex
285 3436 370 3506 aqua
392 3414 427 3481 &
444 3411 577 3508 frigore,
603 3415 637 3485 &
662 3413 755 3483 multi
777 3415 909 3484 amisere
921 3412 1078 3510 ungulos,
1105 3416 1140 3483 ὅ(
1160 3413 1253 3484 multi

224 3516 302 3613 paffi
315 3519 434 3588 suntin
454 3544 521 3609 ore,
535 3522 569 3589 ἃ
586 3519 663 3615 paffi
681 3521 753 3590 sunt
768 3522 801 3591 in
821 3518 969 3616 pedibus,
983 3523 1017 3590 &
1032 3517 1074 3590 stc
1090 3520 1206 3591 fiximus
1218 3523 1252 3591 in

224 3624 332 3695 multis
348 3625 496 3720 periculis
508 3651 567 3722 per
580 3650 685 3697 totam
698 3625 850 3718 hyemem
865 3629 965 3724 usque
979 3627 1022 3699 ad
1034 3627 1249 3700 Februarium.
1269 3673 1327 3722 1219

264 3848 314 3912 De
331 3846 473 3912 triduana
486 3847 663 3934 tempestate,
682 3869 769 3935 quam
780 3843 858 3936 pnffi
865 3847 940 3936 sunt
957 3848 1058 3934 nostri,
1082 3842 1113 3911 δ’
1128 3847 1213 3936 fuge

351 3954 592 4039 Sarracenorum,
605 3977 663 4044 per
679 3954 703 4019 S
704 3954 819 4020 nntium
843 3953 1009 4046 Georgium
1018 3953 1119 4042 suein.

77 4173 176 4236 f01-178
187 4193 208 4224 a·
271 4161 347 4234 xiii.
367 4160 570 4260 Perpendens
587 4185 698 4233 autem
716 4161 870 4234 dominus
892 4164 1029 4261 legatus,
1050 4162 1143 4258 quod
1159 4161 1250 4234 nullo
