3462 5110
453 315 501 394 88
904 335 1031 394 oasxA

381 552 487 635 1219&
510 549 745 623 Corradinus¹
772 576 848 623 cum
870 554 1017 626 universa
1041 578 1140 652 gente
1168 555 1223 625 l'ua
1246 553 1288 625 ab
1312 555 1367 626 illa
1383 579 1486 652 parte,

452 654 632 753 ubi²aqua
648 655 805 728 foliatum
835 683 905 728 non
934 684 1002 730 erat
1028 662 1205 757 expletum,
1236 659 1278 731 fic
1296 661 1486 732 Christianis

450 765 522 834 lunt
547 763 691 835 locutiz³
718 769 747 835 0
778 771 954 858 Christiani,
980 794 1033 836 out
1056 793 1183 862 oportet,
1208 796 1262 839 vos
1284 771 1485 862 Christum&

451 878 616 942 Dominum
644 879 767 962 vestrum
793 874 823 942 δ’
849 877 1010 962 Mariam,
1042 902 1129 966 quom
1153 878 1259 945 dicitis
1284 878 1340 968 effe
1361 903 1484 947 monem

449 985 553 1068 eias‚4
572 982 710 1063 odorare,
743 1004 803 1074 out
821 1006 947 1073 oportet,
973 1008 1029 1050 tros
1054 985 1289 1052 Mociometum
1319 1009 1430 1076 negare
1453 984 1558 1051 &Mun
1571 1017 1591 1061 p.
1606 1013 1668 1060 1092.

450 1087 640 1174 Christianos
658 1089 743 1174 fieri.
772 1083 807 1154 Et
835 1085 1007 1156 confestim
1028 1087 1167 1181 prelium
1193 1113 1270 1158 cum
1295 1088 1483 1161 Christianis

449 1191 704 1267 commiserunts
729 1193 764 1260 &
789 1190 928 1263 fixerunt
953 1219 1056 1264 unum
1083 1195 1289 1291 papilionem
1314 1219 1390 1266 ante
1419 1196 1485 1266 fos-

448 1297 554 1367 satum
578 1297 836 1372 Christianorum
859 1300 894 1367 ὅ(
920 1295 966 1368 ibi
994 1298 1211 1370 comederunt
1237 1299 1317 1371 duas
1348 1301 1484 1398 gallinas

450 1427 584 1500 propter
609 1406 859 1494 sacramentum,
889 1403 982 1500 quod
1010 1405 1132 1476 fecerat
1159 1406 1375 1495 Corradinus,
1407 1410 1484 1503 quia

449 1508 603 1582 credebat
615 1537 673 1581 eos
689 1511 858 1602 devotare,
872 1509 951 1581 sicut
963 1537 1060 1582 canes
1079 1512 1220 1582 famelici
1238 1540 1340 1584 unum
1352 1541 1483 1611 panem.

450 1618 530 1688 Etin
544 1617 600 1688 illo
620 1617 674 1690 die
690 1619 749 1690 fuir
762 1645 922 1717 magnum
939 1620 1090 1716 prelium,
1109 1622 1144 1689 &
1155 1623 1332 1710 Sarraceni,
1348 1646 1418 1691 non
1431 1648 1485 1693 va-

448 1722 550 1794 lentes
562 1723 708 1816 tefistere,
718 1724 812 1796 multi
824 1727 946 1796 mortui
956 1726 1041 1813 sunt,
1052 1724 1241 1796 Christianis
1251 1724 1447 1797 dicentibus:
1471 1727 1485 1773 ⁶

448 1835 486 1900 Si
499 1836 586 1902 Deus
592 1860 652 1926 pro
666 1837 763 1920 nobis,
777 1838 843 1924 quis
855 1858 958 1902 contro
970 1841 1049 1902 tros?
1061 1832 1130 1926 (Ep.
1140 1830 1183 1902 ad
1190 1832 1298 1923 Rom„
1311 1852 1391 1922 vm,
1407 1835 1480 1930 31.)

497 1937 581 2008 XXl,
603 1940 699 2009 Tunc
716 1937 891 2010 Christiani
909 1938 1056 2009 fecerunt
1077 1961 1217 2034 pontem
1235 1939 1328 2034 super
1344 1937 1483 2012 fluvium

450 2042 492 2114 de
504 2046 620 2134 xxxviij
635 2043 760 2116 barchis
770 2070 847 2115 cum
860 2042 1003 2115 trabibus
1015 2058 1029 2102 7
1041 2047 1076 2114 &
1089 2043 1204 2115 tabulis
1218 2045 1362 2136 clavatis,
1374 2049 1409 2116 &
1423 2045 1485 2117 dis-

450 2149 540 2222 tabat
557 2177 712 2249 unapars
731 2150 773 2222 ab
790 2152 891 2222 altera
908 2152 975 2222 fere
993 2177 1096 2222 unum
1112 2152 1259 2242 milliare,
1287 2154 1374 2222 circa
1391 2153 1484 2223 mile·

448 2282 524 2329 runt
547 2258 678 2348 coelum,
705 2285 747 2330 ne
766 2259 935 2329 Sarraceni
960 2256 1172 2328 alcenderent
1190 2256 1248 2355 ipsi
1272 2261 1378 2355 ponti.
1409 2260 1486 2330 Alio

452 2388 564 2434 autem
589 2363 641 2436 die
669 2365 828 2436 venerunt
852 2366 1019 2435 Sarraceni
1038 2390 1097 2461 per
1112 2362 1332 2434 flumencum
1352 2391 1414 2436 xxx
1429 2391 1486 2462 ga·

450 2472 507 2541 leis
524 2468 672 2542 &tribus
688 2472 840 2542 ieremitis
857 2469 1045 2542 ardentibus
1059 2470 1103 2542 ad
1120 2469 1385 2542 comburendum
1401 2497 1486 2569 pon-

452 2599 530 2667 tem,
548 2581 583 2648 &
597 2577 638 2647 lic
655 2601 814 2674 ceperunt
827 2578 963 2672 preliare
981 2603 1020 2647 ex
1037 2575 1225 2674 vpartibus.
1244 2576 1308 2648 Sed
1321 2579 1487 2649 Dominus

451 2685 558 2754 noster
569 2684 713 2755 Christus
722 2685 803 2754 lesus
814 2685 946 2754 venitin
960 2684 1116 2755 auxilium
1124 2683 1315 2756 Christianis
1325 2686 1380 2774 ita,
1394 2681 1487 2778 quod

451 2789 495 2861 ad
512 2816 652 2889 pontem
671 2816 740 2860 non
758 2814 952 2879 nocuerunt,
981 2792 1016 2860 ἃ
1033 2792 1156 2862 mortui
1172 2792 1245 2860 sunt
1262 2818 1301 2861 ex
1318 2789 1391 2887 ipsis
1414 2790 1485 2885 Sar-

451 2898 575 2969 racenis
605 2921 683 2966 cccc
709 2899 744 2967 ἃ
770 2894 883 2968 reversi
908 2898 981 2968 sunt
1006 2923 1083 2967 cum
1110 2898 1244 2986 tristitia,
1284 2901 1320 2968 ἃ
1342 2898 1488 2968 fecerunt

453 3003 628 3075 Christiani
644 3001 803 3073 custodire
817 3003 941 3073 circum
954 3004 1145 3074 Damiatam
1159 3005 1194 3073 ἃ
1210 3001 1333 3076 flumen
1350 3007 1386 3074 ἃ
1402 3004 1486 3074 insu-

453 3111 531 3202 lam,
560 3112 594 3180 in
613 3136 678 3205 qua
695 3110 784 3207 prius
806 3111 1001 3200 mamistam,
1026 3113 1061 3180 &
1077 3110 1155 3180 alias
1172 3109 1253 3180 duas
1270 3110 1387 3182 inlulas
1410 3135 1488 3180 cum

454 3215 651 3289 carbonariis
668 3219 703 3287 ἃ
719 3218 834 3313 porris,
857 3241 899 3288 ne
916 3216 1017 3311 aliqui
1033 3214 1165 3313 pollent
1181 3218 1299 3287 intrare
1315 3242 1377 3287 nec
1394 3219 1487 3287 exire.

452 3323 487 3394 Et
512 3323 700 3395 christianus
725 3325 882 3395 exercitus
907 3322 1039 3394 tenebat
1063 3322 1180 3396 decem
1204 3323 1352 3396 nulliaria
1376 3323 1486 3420 longe.

505 3571 515 3604 1
532 3554 558 3605 P.
570 3571 616 3606 om.
631 3552 691 3604 dieti
712 3551 864 3604 soldanus&
878 3551 1040 3604 Cotradinus.
1059 3580 1092 3590 —
1107 3553 1172 3604 aM.
1185 3567 1228 3603 om.
1244 3549 1295 3600 ubi.
1309 3578 1345 3586 -
1360 3565 1372 3612 3
1386 3549 1424 3600 M.
1440 3546 1488 3598 fuit

453 3631 562 3684 locutus.
583 3662 618 3670 -
635 3651 653 3696 4
667 3632 694 3683 P.
709 3649 752 3684 om.
768 3633 853 3682 verba
867 3632 936 3682 ab&
952 3630 1064 3681 Mariam
1079 3629 1152 3698 usque
1165 3628 1272 3680 adeius.
1286 3658 1320 3666 -
1336 3647 1347 3694 5
1368 3627 1404 3679 M.
1419 3644 1488 3678 com-

452 3710 528 3776 misia
548 3713 575 3764 P.
593 3713 655 3763 add.
671 3711 724 3762 hic:
742 3713 771 3763 In
783 3711 836 3779 ipso
849 3723 934 3762 autem
946 3709 1023 3779 prelio
1036 3710 1121 3778 gracia
1129 3709 1178 3760 Dei
1191 3708 1224 3760 nil
1239 3706 1382 3759 Christianis
1395 3724 1488 3758 nocue-

453 3803 520 3845 tunt.
546 3793 588 3843 Set
605 3791 638 3842 de
655 3791 795 3842 Sarracenis
813 3789 1005 3842 innumerabiles
1024 3788 1116 3840 mortui
1137 3791 1208 3851 sunt;
1231 3787 1368 3839 referamus
1392 3786 1487 3855 gratias

453 3871 564 3924 Christo!
591 3869 726 3922 Millesrmo
741 3869 910 3921 ducentesimo
929 3868 1029 3920 decimo
1048 3886 1125 3932 nono,
1145 3868 1279 3920 indidiione
1299 3867 1331 3933 vij
1352 3865 1393 3918 die
1413 3864 1488 3916 ramis

322 3962 439 4022 Mm31.
454 3951 613 4014 Palntarum,
637 3967 694 4002 cum
708 3949 819 4000 divinum
835 3949 1004 4001 celebraretur
1017 3947 1137 4012 officium,
1154 3947 1259 4016 qualiter
1276 3946 1361 3997 Ihesus
1376 3944 1489 3998 ierololi·

454 4049 522 4083 mam
545 4030 623 4094 venit,
646 4029 803 4082 soldanus&
825 4027 980 4081 Corradinus
998 4027 1069 4096 super
1088 4027 1242 4080 Christianos
1260 4025 1380 4078 insultum
1406 4025 1488 4077 facere

454 4111 598 4166 statuerunt.
611 4140 647 4148 -
664 4115 679 4160 6
694 4111 734 4162 M.
748 4108 880 4162 Christiani
893 4109 1011 4160 dicentes.
1034 4137 1069 4146 -—
1089 4125 1102 4170 7
1119 4109 1157 4159 M.
1172 4108 1292 4160 travibus.
