3462 5110
498 371 564 420 122
793 364 986 417 1ouAuuas
1003 363 1053 416 on
1063 339 1217 416 butant

419 583 586 680 1218q110d
603 609 662 681 per
682 584 789 681 plures
806 582 876 655 dies
890 580 1030 655 bibimus
1047 583 1162 656 vinum
1187 579 1252 654 fine
1271 607 1369 679 aqua,
1393 606 1455 652 nec
1475 579 1519 651 usr

359 709 442 756 ottob.
454 721 475 768 9.
493 691 611 762 suimus
624 693 776 789 coquina.
795 691 873 762 Hoc
887 689 1010 762 fadum
1025 690 1088 762 suit
1096 691 1130 762 in
1145 689 1225 760 sesto
1238 691 1346 762 Sancti
1359 687 1517 780 Dionyfij.

540 801 591 872 lX.
614 801 685 870 Post
707 800 771 870 hoc
793 799 951 897 applicuit
974 799 1126 899 magister
1147 801 1181 871 R.
1204 797 1247 871 de
1267 795 1427 870 Curfione
1443 821 1520 866 curn

491 910 613 980 comite
639 907 681 978 de
702 906 836 977 Niversa
859 908 894 977 &
919 931 996 977 cum
1018 906 1126 978 multis
1149 903 1302 978 militibus
1328 904 1369 977 de
1389 907 1521 1000 francia

490 1015 525 1084 &
541 1013 670 1111 Anglia.
697 1010 900 1109 Perpendens
924 1036 1033 1084 autem
1055 1038 1109 1084 rex
1126 1001 1253 1112 Egypti
1277 1010 1370 1108 quod
1390 1013 1521 1084 fortuna

491 1119 724 1193 denovercaret
740 1121 796 1210 eis,
813 1122 848 1191 ἃ
867 1121 957 1190 Deus
974 1143 1035 1216 pro
1053 1117 1147 1190 nobis
1160 1142 1333 1218 pugnaret,
1351 1119 1520 1218 cogitavit,

491 1251 667 1322 antequam
692 1224 966 1302 istiextraherent
993 1251 1097 1321 equos
1122 1228 1274 1298 &arma
1299 1223 1341 1297 de
1372 1223 1519 1316 navibus,

342 1342 426 1390 Ostob·
439 1343 476 1390 2⁶·
492 1331 568 1430 [nos
584 1332 732 1431 aggredi,
748 1331 875 1430 itaque]
902 1333 935 1403 in
953 1327 1005 1403 die
1022 1335 1171 1424 Veneris,
1195 1332 1327 1404 infesto
1346 1333 1436 1405 Beati
1454 1337 1519 1405 De-

490 1441 608 1530 metrij,
627 1439 743 1510 milites
760 1463 919 1511 venerunt
931 1440 1032 1535 usque
1045 1438 1086 1510 ad
1102 1441 1241 1511 tentoria
1252 1439 1371 1532 nostra,
1387 1441 1423 1510 &
1440 1465 1520 1510 con-

491 1547 594 1618 festim
611 1547 797 1618 christianus
815 1548 971 1618 exercitus
988 1571 1091 1642 equos
1110 1547 1265 1640 ascendit,
1282 1549 1317 1619 ἃ
1333 1548 1433 1619 secuti
1449 1549 1521 1618 sunt

490 1679 547 1724 eos
565 1655 665 1749 usque
692 1652 735 1725 ad
752 1677 902 1748 pontem,
925 1679 985 1751 per
1009 1679 1109 1750 quern
1126 1678 1286 1727 venerunt
1309 1652 1352 1725 ad
1377 1679 1448 1726 nos.
1476 1651 1521 1725 lbi

424 1849 427 1855 Ι
491 1763 612 1832 mortui
625 1762 698 1831 sunt
715 1760 808 1831 multi
821 1765 856 1832 ἃ
873 1760 980 1856 plures
998 1759 1146 1852 dextrarii
1164 1764 1265 1859 capti,
1282 1762 1318 1832 δι
1332 1759 1470 1858 quidam
1482 1785 1521 1834 ex

489 1866 560 1954 illis,
588 1868 642 1964 qui
659 1891 798 1964 pontem
812 1868 989 1959 evaserunt,
1007 1869 1108 1965 ruptis
1125 1867 1273 1960 vinculis,
1300 1866 1416 1964 quibus
1432 1893 1519 1966 pons

490 1971 670 2066 tenebatur,
697 1997 829 2071 aparte
855 1999 971 2045 eorum
993 1972 1183 2046 dimiserunt
1202 1972 1293 2046 abire
1315 1973 1484 2047 laudantes
1508 1989 1517 2022 ¹

490 2081 601 2151 Deum
617 2084 652 2153 δε
666 2081 801 2152 Beatum
819 2081 1033 2152 Demetrium.
1066 2085 1100 2151 ln
1123 2081 1186 2152 hac
1211 2079 1265 2152 die
1288 2106 1437 2152 mortuus
1461 2082 1521 2153 suit

416 2273 418 2279 Ι
489 2185 676 2279 Nicholaus‚
696 2189 743 2259 vir
758 2189 935 2274 Romanus,
963 2189 997 2258 &
1015 2187 1175 2259 interfecit
1189 2213 1266 2259 eum
1283 2186 1421 2284 quidam
1435 2189 1518 2261 Tut-

489 2318 546 2364 cus
564 2317 633 2366 tam
650 2320 800 2393 magnus,
818 2293 911 2391 quod
933 2292 1084 2366 soldanus
1106 2292 1248 2366 habebat
1272 2320 1427 2394 cumpro
1444 2321 1518 2368 cen·

489 2424 560 2471 tum
577 2400 777 2489 Christianis,
800 2403 836 2473 δι
854 2403 943 2473 venit
959 2427 1013 2473 rex
1041 2400 1199 2474 lohannes
1216 2403 1251 2472 ἃ
1267 2401 1376 2497 posuit
1390 2427 1467 2474 eum
1485 2403 1518 2474 in

488 2532 580 2579 terra.
1178 2563 1179 2566 η

537 2614 578 2684 Χ.
598 2613 723 2687 Videns
745 2640 855 2687 autem
873 2641 928 2686 rex
943 2614 1070 2712 Egypti,
1088 2612 1180 2710 quod
1198 2613 1322 2684 fastum
1339 2614 1432 2686 suum
1449 2641 1516 2687 non

488 2718 628 2808 valebat,
638 2721 745 2794 statuit
765 2722 860 2818 super
876 2747 937 2793 nos
948 2718 1046 2818 [non]
1058 2722 1178 2811 venite,
1193 2718 1247 2791 sed
1260 2721 1398 2794 munivit
1413 2724 1518 2819 ripam

488 2821 633 2896 fluminis
646 2851 685 2898 ex
699 2851 790 2923 parte
803 2828 858 2898 sua
870 2829 905 2898 δι
917 2825 1078 2924 posuitibi
1091 2827 1292 2923 petrarias&
1304 2828 1404 2900 erexit
1416 2829 1517 2902 multa

491 2931 591 3003 castra
602 2934 638 3003 &
653 2933 728 3006 fecit
745 2934 885 3004 construi
902 2931 1064 3030 grandem
1081 2955 1220 3029 pontem
1235 2933 1270 3002 in
1283 2933 1396 3006 medio
1410 2933 1515 3007 flumi-

488 3038 549 3128 nis,
566 3041 601 3110 &
620 3040 688 3111 iam
706 3037 829 3111 sublata
846 3063 914 3110 erat
929 3036 1028 3111 nobis
1047 3041 1118 3136 spes
1137 3037 1280 3110 intrandi
1298 3041 1333 3110 in
1346 3039 1514 3140 Egyptum.
1528 3055 1585 3115 fiso-
1694 3097 1695 3108 t

488 3145 584 3214 Tunc
610 3144 652 3216 ad
677 3147 773 3218 instar
799 3146 981 3218 Israhelitici
996 3146 1124 3244 populi,
1154 3145 1340 3218 christianus
1362 3149 1516 3220 exercitus

490 3254 703 3325 murmuravit
719 3277 835 3325 contra
851 3253 999 3350 legatum
1015 3254 1050 3323 ἃ
1066 3253 1229 3350 principes
1246 3251 1409 3325 dicentes:
1433 3254 1517 3327 CUR

492 3375 672 3430 uouxrsm
699 3377 767 3432 uos
792 3365 955 3431 interram
981 3365 1106 3454 Egypri,
1133 3379 1188 3431 uc
1213 3377 1461 3434 monstramur
1478 3379 1518 3432 nt

491 3482 573 3536 unc
591 3471 844 3538 sottaunnte?
867 3466 1053 3545 Noricum
1071 3483 1150 3537 uon
1168 3483 1278 3538 enar
1294 3485 1519 3540 structura

490 3587 529 3639 tu
556 3587 747 3644 PARTtBos
763 3575 940 3642 NOSTRIS?
966 3571 1092 3669 (Exod,
1114 3593 1191 3664 x1v,
1218 3573 1349 3671 11-12.)
1376 3579 1451 3645 Ecce
1471 3579 1520 3643 tic

489 3684 549 3765 fine
566 3679 645 3749 bello
663 3685 807 3750 morimur
822 3678 854 3747 se
871 3688 943 3769 ficut
959 3707 1047 3750 canes
1064 3686 1095 3750 in
1103 3683 1215 3775 sabulo
1224 3682 1416 3776 sepelimur!

538 3783 592 3854 Xl.
612 3783 667 3855 Ad
685 3783 747 3854 hec
763 3786 910 3881 precepit
927 3783 1081 3856 dominus
1098 3785 1224 3884 legatus
1241 3785 1430 3860 triduanum
1441 3787 1517 3857 ieiu-

489 3889 583 3960 nium
599 3887 668 3960 fieti
683 3891 717 3960 in
731 3893 866 3987 pane&
882 3917 979 3988 aqua,
998 3893 1032 3964 ἀ
1055 3893 1101 3964 ire
1126 3891 1329 3965 discalciatos
1345 3892 1389 3966 ad
1408 3917 1518 3968 ueram

528 4133 538 4166 ι
557 4117 614 4170 cod.
628 4116 781 4168 stridentem,
