3462 5110
452 349 504 402 DE
522 349 696 402 IOHANNE
714 349 816 402 REGE
834 349 1060 404 IERUSALEM.
1215 355 1281 428 127

252 567 509 661 lherosolimam,
525 566 695 641 consilium
708 570 857 642 fecerunt
868 573 979 644 venire
992 571 1086 668 super
1099 596 1169 644 nos.
1185 573 1281 669 Prop·
1295 603 1354 652 1219

251 701 299 748 ter
315 677 393 766 hoc,
412 675 505 773 quod
525 679 622 774 pauci
648 705 786 768 eramus,
815 701 1010 777 putaverunt
1036 677 1191 752 devorare
1208 704 1282 772 nos,

251 783 329 857 srcut
342 786 435 857 multi
449 787 591 858 famelici
600 815 702 859 unum
716 800 848 884 panem,
861 788 970 860 &iarn
983 785 1156 859 diviserant
1168 789 1283 859 omnia

251 891 374 982 nostra,
392 891 448 964 sed
470 896 574 991 gratia
598 895 661 966 Dei
681 919 720 966 ex
743 893 803 964 illis
824 895 917 965 multi
942 895 1064 964 mortui
1086 894 1225 984 suerunt,
1247 897 1283 966 &

250 997 349 1069 nichil
366 998 462 1070 nobis
485 1024 677 1072 nocuerunt.
702 1001 823 1073 Nonne
847 1003 881 1070 in
899 1001 1034 1097 epistola
1050 1001 1134 1071 Pauli
1151 1000 1280 1100 legitur:

250 1109 287 1174 si
309 1109 396 1176 Ueris
412 1132 470 1202 pro
490 1111 590 1195 nobis,
612 1115 680 1201 quis
699 1133 801 1180 contro
819 1116 899 1178 nos?
925 1105 1092 1204 (Roman,
1110 1127 1188 1198 vm,
1208 1111 1280 1207 31.)

251 1212 352 1284 Certe
366 1214 541 1309 unicuique
553 1215 694 1286 vestrum
706 1215 823 1309 loquar
833 1239 909 1284 cum
921 1212 1073 1302 lacrimis,
1090 1213 1183 1310 quod
1193 1239 1282 1288 tanta

250 1341 317 1390 erat
334 1319 459 1391 miseria
475 1321 594 1412 nostra,
621 1318 713 1418 quod
730 1319 808 1392 srcut
825 1321 970 1394 infirmus
991 1318 1147 1393 dehderat
1162 1324 1277 1394 sanita·

198 1434 199 1437 ’
251 1450 328 1516 tem,
359 1428 403 1498 ita
422 1424 681 1500 desiderabamus
702 1426 813 1501 videre
832 1429 975 1500 virencia
991 1425 1174 1520 herbarum,
1200 1431 1278 1526 quia

250 1531 348 1605 herba
361 1534 468 1606 nostra
482 1560 552 1607 non
567 1560 635 1607 erat
647 1533 703 1606 nist
718 1531 874 1607 sabulum.
889 1533 986 1606 Nulla
999 1536 1123 1632 quippe
1135 1535 1279 1609 humana

249 1640 364 1739 lingua
385 1640 598 1738 planevobis
620 1641 780 1738 explicare
800 1639 905 1738 posset
920 1641 1081 1712 miseriam
1094 1645 1129 1715 δι
1145 1642 1280 1714 infirmi-
1385 1705 1386 1708 ,

251 1770 352 1818 tatem
368 1748 521 1840 nostram,
547 1750 583 1819 ὅ(
601 1745 765 1840 desideria,
791 1773 855 1842 que
872 1745 949 1842 passi
967 1747 1040 1818 sunt
1056 1746 1228 1822 Christiani
1245 1753 1279 1822 in
1341 1779 1343 1782 ·

250 1852 398 1950 predicio
415 1853 514 1926 sedi0.
544 1858 549 1868 “
844 1916 845 1919 ,

299 1963 407 2034 XXlll.
433 1967 467 2032 ln
483 1961 597 2034 ultima
613 1960 824 2034 hebdomada
841 1961 959 2058 Aprilis
979 1959 1044 2033 dux
1061 1962 1184 2036 Austris
1201 1989 1277 2036 cunr
1290 1981 1361 2045 Aput.
1373 1995 1453 2043 29·30.

251 2070 360 2142 multis
378 2070 447 2141 aliis
464 2068 506 2140 de
519 2071 660 2140 exercitu
677 2067 810 2141 recellit.

298 2175 524 2250 XXlV·XXV.
552 2181 585 2247 ln
605 2179 727 2248 ottavo
748 2173 880 2248 decimo
898 2174 952 2246 die
969 2177 1396 2266 Maijvenitsolda-ue.1u

182 2329 188 2341 ·
214 2309 238 2342 2·
251 2309 310 2355 nus
337 2308 414 2354 cum
436 2305 508 2352 toto
536 2284 674 2354 exercitu
694 2274 817 2370 eorum,
840 2284 876 2353 ὃ(
899 2283 1100 2355 intraverunt
1123 2272 1279 2356 fossatum

250 2391 394 2461 nostrum
420 2391 455 2460 ἃ
480 2411 677 2485 putaverunt
697 2413 758 2460 nos
785 2387 1079 2485 apprehendere&
1096 2387 1279 2487 disperdere

250 2497 486 2593 superterram,
500 2494 566 2585 sed,
585 2495 716 2568 volente
729 2495 879 2568 Domino
891 2497 926 2566 δε
940 2520 1153 2592 cooperante,
1170 2497 1280 2569 Chris·

251 2605 330 2675 tiani
354 2600 537 2674 habuerunt
561 2602 733 2674 vidioriam
755 2603 791 2672 ἃ
816 2599 1009 2674 occiderunt
1036 2604 1121 2674 inter
1149 2604 1280 2676 Sarace-

250 2736 311 2781 nos
333 2712 493 2804 &equos
515 2733 636 2780 eorum
654 2707 828 2806 plusquam
845 2706 913 2780 duo
934 2708 1032 2780 milia
1055 2709 1111 2780 Per
1132 2733 1194 2781 tres
1211 2709 1280 2784 dies

252 2843 379 2889 amane
397 2812 551 2912 usquead
568 2820 703 2886 nossem
716 2813 889 2888 nobiscum
901 2816 1130 2913 preliaverunt,
1148 2818 1184 2887 ἃ
1202 2815 1280 2889 srcut

250 2947 386 3020 campos
411 2923 527 3022 plenus
546 2922 591 2992 est
612 2921 654 2994 de
679 2923 804 3013 culmis,
828 2947 904 2994 curn
928 2921 1084 2994 tolluntur
1109 2923 1206 3020 spice,
1234 2925 1280 2996 ita

251 3027 406 3102 fossatum
422 3029 568 3101 noslrum
581 3027 718 3124 plenum
732 3049 802 3101 erat
819 3027 969 3124 quarellis
985 3030 1021 3099 ἀ
1035 3028 1170 3126 sagittis.

298 3136 413 3207 XXVl.
432 3139 467 3206 ln
484 3133 536 3206 die
552 3159 630 3206 vero
644 3134 842 3207 Pentecostes
859 3158 1018 3206 venerunt
1033 3160 1092 3230 per
1108 3161 1231 3232 aquam
1243 3141 1279 3210 &
1290 3153 1345 3202 Mat.
1357 3157 1394 3202 2⁶.

250 3265 309 3336 per
325 3267 443 3314 terram
459 3244 714 3339 &proiecerunt
731 3243 845 3340 ignem
860 3240 955 3336 super
964 3236 1139 3312 bertrescas
1155 3246 1278 3317 nostras

250 3351 284 3418 δι
297 3373 455 3446 ceperunt
466 3347 620 3422 fossatum
633 3349 778 3420 nostrum
790 3346 924 3442 implere
937 3349 972 3418 δι
984 3346 1078 3444 super
1089 3353 1279 3442 nosvenire,

249 3458 284 3525 δε
300 3481 361 3526 nos
378 3453 457 3528 sicut
473 3457 622 3552 captivos
641 3453 795 3542 dividere,
818 3455 853 3524 ἃ
875 3453 984 3544 nostri,
1010 3455 1159 3549 quamvis
1185 3459 1280 3530 multi

249 3561 419 3652 wulmari,
436 3587 513 3632 cum
530 3562 667 3634 visioria
685 3560 917 3652 remanserunt,
942 3563 977 3632 ἀ
996 3561 1162 3634 Sarraceni
1180 3563 1278 3636 tristes

249 3670 285 3739 ἃ
304 3665 382 3740 illusr
400 3666 478 3741 versi
494 3669 576 3740 sunt.

298 3773 426 3846 XXVll.
444 3777 541 3846 Tunc
558 3773 705 3846 fecerunt
717 3773 891 3846 Christiani
906 3771 1114 3864 tribuchetos‚
1130 3777 1166 3846 ἃ
1183 3801 1278 3873 cepe·

251 3904 325 3952 runt
347 3905 407 3976 per
428 3878 534 3952 subter
549 3878 686 3954 fluvium
702 3879 816 3953 fodere
837 3903 966 3970 terram,
988 3883 1023 3952 &
1046 3879 1209 3954 submersa
1224 3883 1277 3956 esi.

249 3983 406 4058 Videntes
430 3987 539 4084 igitur,
558 3987 651 4082 quod
676 4013 758 4062 cava
782 3987 882 4060 nichil
905 3985 1098 4083 prodiderit,
1124 4011 1280 4084 ceperunt

252 4113 343 4162 catos
359 4091 553 4163 construere.
