3466 5110
491 351 536 446 38
950 365 1077 419 casca

374 599 432 646 1218
489 585 646 659 nrittebat.
655 588 763 661 Nares
772 589 884 683 itaque
892 585 938 656 sui
950 582 1162 683 gubernaculi
1174 587 1267 658 freno
1285 610 1429 658 carentes
1442 613 1520 658 cum

487 693 640 792 procellis
652 717 742 790 rapte
756 695 829 765 sunt
839 697 874 765 δε
886 691 930 764 ad
940 692 1081 765 diversos
1094 692 1403 790 portus'querendos
1416 694 1518 793 longe

486 801 617 896 lateque
637 802 710 872 sunt
728 801 875 897 disperse.
906 802 951 870 At
974 823 1085 870 tamen
1103 800 1283 872 Nuslrenses
1300 827 1377 871 cum
1393 804 1519 897 vpaucis

486 906 623 981 navibus
637 908 905 979 advocationem
918 907 1050 1003 patroni
1061 907 1109 976 sui
1121 904 1208 978 beati
1222 908 1354 1004 Qririni
1363 907 1516 980 aliorum-

487 1040 551 1110 que
567 1014 754 1085 sanctorum
770 1016 962 1103 interventu,
984 1013 1075 1110 apud
1091 1014 1230 1084 insulam
1246 1039 1352 1110 prope
1365 1015 1517 1086 Minorke

485 1123 671 1218 Kiporoure
684 1135 693 1166 ¹
707 1120 840 1211 diclam,
853 1123 1015 1192 Saraceno
1033 1120 1245 1210 monstrante,
1260 1146 1361 1215 quern
1380 1122 1518 1217 quidam
1531 1147 1572 1205 v.‚
1582 1145 1616 1208 ες
1628 1159 1662 1204 vo,
1671 1165 1687 1192 a.
1702 1162 1721 1202 ι.1

339 1252 412 1314 April.
422 1266 457 1313 13.
487 1227 692 1301 detinuerant
704 1229 883 1323 captivum,
900 1251 1036 1324 portum
1048 1229 1081 1297 in
1095 1227 1264 1298 Parasceve
1279 1227 1413 1299 feliciter
1426 1226 1515 1300 adie-

486 1361 568 1407 runt.
583 1337 814 1433 Confugerant
831 1359 941 1406 autem
953 1359 1151 1405 mercatores
1164 1333 1207 1404 ad
1216 1333 1366 1406 eundem
1383 1358 1517 1430 portum

340 1455 458 1518 Arrilds·
488 1441 532 1514 ob
551 1441 692 1513 eandem
709 1442 849 1530 causam,
876 1443 933 1536 qui
951 1439 1124 1514 nobiscum
1146 1442 1182 1511 in
1204 1440 1256 1511 die
1273 1442 1388 1512 Pascbe
1415 1443 1516 1514 sacra·

488 1550 604 1622 tissrmo
633 1549 794 1621 christiani
819 1551 952 1647 corpori
981 1553 1015 1620 ὅ(
1041 1550 1191 1648 sanguini
1217 1552 1514 1622 communicarunt.

339 1677 411 1742 apri
425 1678 460 1725 ιε.
488 1656 635 1729 Secunda
648 1657 737 1746 feria,
751 1654 939 1728 dustoribus
951 1655 992 1727 ab
1006 1656 1129 1728 eisdem
1140 1658 1293 1753 acceptis,
1308 1655 1429 1754 gressus
1442 1661 1516 1730 nos-

488 1789 554 1835 tros
571 1765 678 1837 versus
695 1761 873 1834 Messanam
890 1765 958 1836 leto
975 1763 1061 1862 pede
1079 1761 1262 1853 direximus,
1289 1765 1517 1861 venientesque
1532 1793 1568 1851 a,
1579 1809 1599 1854 p.
1610 1807 1662 1851 227,
1672 1809 1690 1838 e.
1700 1807 1719 1838 2.

487 1896 593 1968 prope
618 1871 760 1942 Siciliam
784 1870 894 1943 divina
909 1873 1063 1968 potencia
1093 1873 1191 1941 totius
1213 1869 1295 1943 boni
1319 1871 1425 1962 causa,
1453 1898 1518 1968 que

485 1981 552 2050 iam
568 2004 629 2049 nos
651 2003 810 2074 aquarum
830 1982 865 2050 ἃ
885 1980 966 2050 aeris
983 1979 1219 2049 commocione
1245 1975 1414 2049 tribulatos
1439 2006 1518 2077 pro·

486 2085 630 2174 baverat,
649 2086 722 2156 suos
739 2084 847 2157 adbuc
863 2087 941 2185 igne
958 2087 1113 2183 castigare
1130 2083 1348 2181 disponebat3
1366 2089 1519 2183 proxima

336 2207 407 2270 apat
419 2221 457 2270 23·
485 2219 630 2289 namque
645 2197 743 2264 noae
760 2194 833 2288 post
856 2197 988 2266 octavas
1014 2193 1128 2264 Pasche
1147 2194 1394 2265 coruscaciones
1411 2192 1517 2267 subito

484 2301 579 2397 super
596 2326 657 2371 nos
670 2324 741 2370 orte
752 2301 835 2391 sunt,
848 2303 883 2371 &
895 2327 972 2372 ecce
989 2302 1126 2371 tonitrus
1137 2303 1172 2371 in
1186 2303 1268 2373 sono
1282 2327 1321 2371 ac
1333 2325 1428 2371 motu
1440 2325 1517 2372 acu-

485 2407 616 2479 tissimus
634 2433 750 2478 omnes
766 2409 893 2479 nostros
910 2410 943 2480 in
968 2405 1100 2479 extafim
1117 2410 1234 2504 rapuit,
1252 2411 1287 2479 &
1306 2409 1415 2502 aliqui,
1433 2433 1517 2504 quos

486 2512 614 2588 deditos
648 2515 766 2585 somno
805 2513 1013 2609 putabamus,
1050 2517 1085 2584 in
1118 2516 1268 2590 Domino
1302 2513 1516 2604 dormierunt,

485 2621 579 2692 multi
595 2623 701 2692 eciam
716 2647 756 2692 ex
773 2619 949 2692 fulminum
965 2619 1142 2693 ustionibus
1161 2623 1325 2694 cicatrices
1342 2624 1376 2693 in
1387 2649 1515 2694 memo·

483 2728 549 2800 rale
567 2731 751 2824 perenniter
767 2751 950 2800 tenuerunt.

697 2966 740 3038 V.
760 2974 811 3037 Ue
828 2972 1020 3062 expedicione
1039 2972 1080 3038 ad
1097 2975 1288 3041 Uomiatom.

532 3156 633 3225 Anno
658 3154 766 3253 gracie
792 3152 960 3225 millesimo
987 3151 1208 3226 ducentesimo
1235 3160 1355 3228 ostavo
1382 3154 1513 3228 decimo

483 3286 655 3360 coggones
676 3261 928 3333 innumerabiles
954 3259 997 3334 ad
1013 3285 1148 3357 portum
1162 3262 1393 3334 Achonensem
1409 3264 1513 3361 appli-

483 3393 629 3461 cuerunt,
647 3368 712 3441 stne
728 3365 845 3466 quibus
862 3393 933 3441 non
950 3365 1145 3466 expediebat
1168 3359 1343 3440 exercitum
1359 3371 1512 3443 navalem

481 3478 517 3545 in
533 3475 694 3574 Egyptum
712 3477 859 3576 dirigere.
877 3478 944 3548 Rex
961 3480 996 3548 &
1007 3477 1190 3573 patriarcha
1203 3502 1279 3546 cum
1294 3475 1376 3547 flore
1389 3479 1512 3549 Austrie

433 3587 435 3593 ’
483 3582 801 3680 hospitalibusque&
813 3584 989 3680 templariis
1003 3582 1136 3654 consilio
1146 3586 1280 3680 Spiritus
1290 3586 1399 3655 sandi
1412 3610 1508 3683 expe-
1526 3608 1568 3666 V,
1577 3607 1595 3655 f.
1604 3620 1617 3669 ς
1628 3612 1661 3666 vo,
1677 3621 1714 3652 aa

483 3690 651 3763 dicionem
667 3695 701 3763 in
713 3690 938 3785 Babyloniam,
955 3689 1021 3762 side
1035 3689 1233 3788 interpofita,
1250 3716 1422 3784 voverunt,
1439 3719 1512 3789 pre-

483 3797 619 3896 figentes
634 3800 824 3897 peregrinis,
840 3801 896 3895 qui
913 3798 1057 3895 pericula
1066 3801 1162 3870 maris
1171 3799 1298 3896 plenius
1309 3801 1431 3896 experti
1441 3801 1514 3871 sunt

483 3905 640 3996 itineris,2
661 3903 788 3977 labores
809 3907 843 3977 in
861 3906 1122 3979 exaltacionem³
1140 3908 1250 3979 sande
1278 3907 1392 3979 crucis.¹
1415 3903 1513 3980 Unde

521 4079 531 4110 1
552 4060 696 4130 V..Biporo.
711 4090 744 4100 -
759 4081 773 4113 a
789 4061 967 4114 Codd..·iterini
1030 4061 1114 4134 cione)
1135 4066 1157 4118 S.
1177 4062 1272 4118 Crucis.
1291 4093 1325 4102 -
1346 4081 1358 4131 3
1379 4065 1407 4115 V.
1426 4079 1513 4136 quum.

483 4141 575 4196 laboris
602 4141 783 4196 exaltacioncm
805 4140 849 4211 (V.
874 4141 967 4196 exalta·
