3462 5114
462 341 527 415 162
744 357 856 414 cxxxx
878 361 1032 415 uunxuu
1054 362 1279 414 cxx1sx1au1

300 593 301 598 ’
344 560 440 670 ruins.
454 609 560 657 nonas
578 582 786 673 Novembris,
805 583 914 655 media
930 588 1030 656 nocie
1049 585 1179 683 Pagani,
1206 584 1292 655 clam
1309 587 1487 680 venientes,

454 694 595 767 excubiis
613 690 861 784 dormientibus,
875 693 966 764 letias
987 695 1110 765 nostras
1123 692 1145 764 s
1136 721 1189 766 ne
1206 693 1397 767 obstaculo
1389 719 1487 766 intra-

452 826 570 873 verunt
581 802 950 898 appropinquantesque
963 804 1120 893 tentoriis,
1133 803 1248 874 mulier
1259 801 1414 898 quedam,
1429 828 1487 874 eos

453 909 591 979 sentiens
609 933 647 979 ac
664 909 811 1005 Paganos
834 905 910 1000 else,
933 910 1149 1006 cognoscens,
1177 908 1311 1008 egressa,
1335 909 1488 982 clamavit

453 1015 518 1087 alta
536 1041 620 1087 voce
640 1014 766 1086 dicens:
789 1023 913 1111 Pogoni
930 1023 1113 1088 intraverunt
1136 1023 1306 1088 civitatem!
1331 1017 1487 1088 Exeuntes

453 1146 564 1194 aurem
588 1122 771 1214 Christiani,
796 1147 865 1194 tarn
886 1124 998 1215 vestiti,
1019 1149 1120 1220 quam
1145 1124 1236 1217 nudi,
1261 1151 1323 1196 nec
1346 1149 1488 1196 mortem

453 1255 514 1327 pro
531 1229 649 1301 Christi
663 1231 811 1316 nomine,
831 1256 893 1301 nec
909 1232 1015 1302 iacula
1033 1232 1260 1323 formidantes,
1281 1259 1340 1332 per
1358 1231 1488 1330 gladios

452 1361 611 1409 venerunt
629 1335 671 1406 ad
688 1362 757 1406 eos.
779 1336 957 1409 Audientes
984 1364 1094 1410 autem
1111 1340 1272 1436 templarij
1289 1342 1324 1410 ἃ
1342 1340 1487 1438 hospita·

451 1445 532 1538 larij,
560 1469 662 1540 quum
681 1443 724 1515 ad
741 1470 798 1515 eos
815 1445 995 1534 intrassent,
1020 1472 1231 1522 occurrerunt
1249 1452 1302 1522 eis.
1322 1450 1488 1523 Sarraceni

452 1576 572 1641 autem,
591 1549 809 1623 exorbitantes
827 1551 868 1623 de
889 1554 952 1645 via,
976 1556 1010 1625 in
1032 1556 1107 1627 loca
1119 1559 1244 1652 aquosa
1256 1583 1485 1652 pervenerunt,

451 1657 562 1753 ibique
580 1655 675 1728 occist
694 1659 823 1730 suerunt
837 1659 1016 1731 ducenti&
1031 1665 1188 1760 quinque,
1205 1667 1240 1735 ὃς
1252 1666 1340 1762 capti
1357 1667 1488 1738 suerunt

451 1767 627 1863 sexaginta,
640 1767 674 1835 ὅ(
687 1763 820 1836 ducenti
835 1766 990 1839 undecim
999 1770 1164 1842 civitatem
1178 1773 1389 1864 intraverunt,
1402 1799 1486 1869 quos

451 1873 550 1944 etiam
564 1872 713 1944 mulieres
727 1872 929 1966 occiderunt,
946 1877 980 1945 ὅ(
994 1902 1057 1970 que
1072 1877 1153 1947 mihi
1165 1877 1352 1971 retulerunt,
1370 1880 1487 1952 decern

451 1981 495 2050 eis
513 1978 714 2050 occiderunt.
734 1981 786 2051 Sic
803 1981 947 2051 Christus
963 2008 1024 2052 nos
1042 1981 1174 2056 adiuvit.
1192 1987 1288 2057 Tunc
1301 1987 1486 2077 Christiani,

450 2085 615 2157 mittentes
642 2089 750 2182 capita
771 2089 1017 2160 interfeclorum
1043 2089 1086 2162 ad
1111 2089 1286 2164 soldanum
1311 2094 1486 2190 proiicien-

450 2193 561 2288 resque
580 2219 721 2290 corpora
738 2220 855 2266 eorum
869 2220 944 2267 ante
958 2222 1069 2267 muros
1087 2200 1223 2271 civitatis
1237 2200 1487 2297 respuentesque

450 2305 595 2419 padum,
609 2326 766 2397 ceperunt
779 2328 914 2400 gentem
922 2302 1067 2376 drvldere
1075 2331 1139 2403 pro
1151 2305 1285 2378 stabula
1303 2295 1493 2379 lllisautem'

452 2408 485 2476 in
505 2405 704 2479 adiutorium
723 2434 792 2482 non
809 2434 968 2482 venerunt
986 2409 1043 2481 nih
1061 2415 1167 2507 pauci.

756 2625 901 2716 Qualiter
917 2652 1003 2719 cupra
1013 2631 1082 2718 fuir
1100 2632 1179 2698 urbs.
1215 2635 1219 2646 “

342 2833 403 2880 N0'·
416 2849 437 2896 ⁵·
500 2825 646 2907 LIV-LV.
674 2838 754 2904 ltem
779 2837 814 2905 in
832 2862 937 2907 nonas
954 2836 1170 2929 ¹Novembris,
1196 2836 1231 2907 id
1258 2837 1356 2908 estin
1376 2835 1488 2934 vigilia

451 2945 560 3016 Sansli
578 2940 749 3030 leonardi,
777 2943 811 3012 in
828 2943 938 3014 media
956 2947 1065 3036 node,
1091 2947 1125 3015 in
1151 2971 1216 3040 qua
1242 2945 1324 3016 hora
1342 2943 1487 3015 Christus

450 3053 616 3122 infernum
640 3050 840 3146 exspoliavit,
867 3051 1041 3123 Christiani
1065 3051 1185 3122 scalam
1209 3052 1386 3148 posuerunt
1403 3047 1486 3120 iussu
1500 3067 1516 3116 f.
1530 3071 1573 3118 182
1583 3085 1601 3114 a.

450 3157 599 3256 legati&
617 3162 700 3257 regis
729 3161 822 3255 supra
845 3184 977 3228 murum
1001 3160 1138 3230 civitatis
1160 3160 1322 3229 Damiate.
1344 3159 1487 3230 Descen-

451 3263 603 3336 dentibus
622 3290 732 3338 autem
750 3265 822 3356 illis,
842 3266 926 3336 scala
944 3266 1047 3336 frasta
1064 3265 1120 3352 est,
1139 3267 1173 3335 ὅ(
1191 3267 1337 3363 quinque
1351 3262 1393 3335 de
1411 3265 1485 3334 nos·

450 3374 504 3445 tris
521 3375 605 3443 intra
633 3373 857 3444 remanserunt
874 3373 1091 3444 exclamantes
1110 3372 1252 3444 sortiter:
1278 3375 1407 3442 cAdiuva
1432 3399 1486 3442 nos

451 3487 537 3550 Deus
558 3485 594 3550 ol
611 3487 751 3551 honorem
770 3484 878 3550 sande
897 3483 1029 3551 Crucis!
1017 3479 1157 3549 lNostri
1174 3503 1295 3570 autem,
1313 3478 1411 3549 aliam
1427 3476 1487 3548 ad-

450 3586 605 3657 ducentes
619 3587 751 3674 scalam,
770 3583 1008 3657 descenderunt
1025 3587 1214 3657 catervatim
1232 3584 1275 3656 ad
1292 3583 1356 3656 obs
1352 3585 1487 3678 equium

450 3691 613 3765 Crucifixi.
634 3693 843 3789 Hospitalarij
862 3718 974 3765 autern
989 3696 1024 3764 ὃς
1051 3692 1224 3790 templarii,
1243 3718 1284 3763 ex
1304 3691 1368 3762 alia
1393 3714 1487 3787 parte

449 3799 615 3871 venientes
639 3803 673 3870 &
699 3797 855 3872 fossatum
876 3802 1044 3890 intrantes,
1070 3801 1180 3896 gracia
1202 3801 1266 3869 Dei
1289 3795 1486 3894 posterulam

449 3907 642 3976 invenerunt
683 3932 833 4003 apertam
870 3907 1090 4001 intrantesque
1124 3931 1224 3978 turres
1262 3903 1486 3977 ascenderunt.

449 4013 568 4108 Pagani
586 4038 664 4084 vero
682 4015 779 4109 pauci
793 4037 884 4084 erant
900 4012 944 4084 ad
959 4010 1204 4084 defendendam
1223 4012 1398 4101 civitatem,
1412 4011 1489 4106 quia

450 4119 539 4188 Deus
574 4119 681 4189 noster
706 4121 849 4189 maxima
878 4119 977 4216 plaga
1002 4116 1199 4215 perculserat
1231 4143 1298 4207 eos,
1332 4117 1487 4213 plurima-
