3466 5110
453 330 495 405 16
855 345 1069 400 oanAcro

446 563 525 637 ficut
537 568 630 663 porci
642 569 677 638 ἃ
690 589 822 637 currunt
838 566 872 635 in
885 562 1137 634 amaritudinem
1149 561 1280 654 inferni,
1302 587 1366 656 que
1378 559 1476 660 srgni-

445 672 557 746 ficatur
581 702 639 773 per
664 673 916 748 amaritudinem
939 669 1047 742 maris.
1079 671 1207 740 «Tolle
1228 675 1477 764 ergograbarum

443 807 525 852 tuum
541 814 559 846 υ
575 788 715 878 (loann,
728 811 761 875 v,
774 783 825 879 8),
842 779 935 852 idest
952 804 1086 849 carnem
1108 801 1198 846 tuam
1211 777 1333 847 fursum
1345 804 1366 848 a
1379 801 1476 850 terre·

445 890 506 980 nis,
524 892 598 986 quia
610 892 655 962 est
669 890 710 961 de
724 890 846 962 deliciis
860 888 964 958 carnis
978 884 1056 957 sicut
1070 885 1111 956 de
1125 883 1231 954 cauda
1243 884 1398 982 anguille,
1413 911 1477 981 que

445 996 539 1094 firgit,
557 998 638 1069 dum
652 998 791 1069 creditur
805 996 943 1086 retineri,
961 997 996 1064 ἃ
1012 994 1168 1092 intellige,
1187 992 1268 1090 quid
1281 993 1360 1064 dicit
1372 990 1478 1091 glossa

445 1105 539 1202 super
555 1105 737 1201 predidlum
753 1107 866 1176 locum
879 1103 1052 1200 Evangelij,
1077 1104 1207 1194 scilicet,
1224 1101 1281 1173 nist
1296 1104 1366 1198 quis
1384 1126 1477 1170 more

444 1213 539 1308 porci
560 1215 683 1304 vixerit,
710 1214 744 1283 in
767 1239 842 1283 eum
864 1209 1014 1282 diabolus
1035 1235 1105 1281 non
1131 1211 1250 1306 accipit
1271 1208 1477 1305 potestatem,

444 1316 501 1388 nist
518 1317 560 1390 ad
578 1317 799 1416 probandum,
816 1343 886 1390 non
903 1317 947 1388 ad
964 1315 1182 1413 perdendum.
1201 1395 1202 1398 Ἴ

495 1432 596 1498 lrem:
627 1429 766 1523 Quanto
794 1426 866 1523 plus
884 1427 1076 1520 comprimis
1102 1450 1225 1520 aquam
1245 1426 1329 1495 inter
1350 1449 1476 1515 manus,

445 1559 539 1612 tanto
560 1534 633 1631 plus
655 1531 756 1607 effluit
783 1536 818 1604 &
839 1535 946 1603 minus
967 1535 1130 1619 retinetur,
1162 1529 1205 1602 src
1224 1532 1269 1602 est
1291 1529 1333 1602 de
1355 1528 1476 1602 deliciis

445 1643 549 1713 carnis
566 1646 601 1713 ὅ(
621 1640 727 1732 seculi.

460 1794 462 1799 .
494 1754 590 1820 ltem:
608 1749 794 1847 Peregrinus
807 1749 972 1837 itinerans,
992 1748 1048 1842 qui
1061 1747 1188 1843 semper
1204 1748 1346 1843 sequitur
1357 1749 1475 1846 impul·
1488 1765 1534 1813 Bf.
1549 1781 1624 1827 2142,
1634 1784 1653 1814 c.
1665 1782 1686 1814 2.

444 1855 515 1926 sum
524 1857 624 1948 venti,
638 1883 711 1927 raro
725 1854 823 1928 habet
836 1880 1022 1952 congruum
1033 1853 1227 1949 hospicium,
1240 1852 1292 1947 fic,
1304 1857 1360 1952 qui
1370 1858 1474 1952 sequi-

446 1985 496 2032 tur
509 1988 647 2034 omnem
664 1987 795 2034 motum
808 1964 923 2052 carnis,
940 1987 1013 2031 raro
1031 1958 1128 2031 habet
1140 1961 1324 2058 hospicium
1341 1965 1375 2034 in
1393 1964 1475 2040 celo

493 2074 586 2141 ltem:
617 2068 786 2143 Columba
803 2095 873 2142 non
891 2066 1037 2138 comedit
1056 2092 1197 2158 carnem,
1223 2066 1265 2139 src
1285 2094 1348 2140 nec
1369 2068 1476 2141 bonus

444 2177 586 2272 sequitur
602 2178 809 2274 voluptatem
826 2177 938 2248 carnis.

492 2289 594 2358 ltem:
619 2282 786 2356 Columba
803 2310 879 2354 cum
897 2283 998 2354 rostro
1023 2283 1149 2378 separat
1164 2309 1305 2380 granum
1322 2285 1476 2357 frumenti
1714 2363 1715 2374 ,

444 2392 587 2487 apalea,
616 2390 657 2462 src
680 2390 787 2462 bonus
811 2418 860 2481 ea,
891 2418 955 2486 que
977 2391 1051 2461 sunt
1072 2391 1145 2478 Dei,
1178 2392 1234 2485 qui
1263 2393 1307 2462 est
1334 2413 1580 2490 granumnf.61
1594 2413 1615 2470 u,
1626 2429 1645 2459 c.
1656 2427 1677 2458 2.

443 2499 608 2591 frumenti,
625 2498 666 2571 ab
685 2525 733 2590 ea,
752 2524 815 2593 que
834 2499 906 2568 funt
923 2499 1037 2568 carnis,
1139 2591 1140 2594 Ἴ

495 2611 587 2677 ltem:
616 2607 767 2703 Lignum,
798 2604 890 2700 quod
912 2605 1016 2702 sepius
1039 2605 1099 2675 fuit
1121 2605 1295 2676 accensum
1317 2609 1474 2704 &sepius

445 2713 634 2802 extindlum,
650 2712 773 2782 facilius
787 2709 986 2802 accenditur,
1001 2737 1101 2806 quam
1114 2711 1241 2808 lignum
1254 2712 1367 2802 viride,
1383 2715 1475 2810 quod

445 2843 617 2914 nunquam
637 2819 698 2889 fuit
711 2818 894 2907 accensum,
912 2816 990 2887 ficut
1009 2819 1052 2888 est
1065 2819 1106 2892 de
1119 2819 1255 2889 homine
1272 2822 1402 2911 carnali,
1422 2824 1475 2917 qui

445 2924 551 3020 sepius
564 2927 706 2997 exercuit
724 2926 817 2996 usum
832 2921 989 3012 libidinis,
1010 2950 1109 3020 quam
1122 2925 1186 3017 ille,
1205 2927 1261 3022 qui
1277 2927 1404 3023 semper
1416 2927 1476 2997 fuit

445 3031 557 3102 castus.

493 3143 586 3210 ltem:
617 3141 669 3210 De
689 3136 790 3211 divite
812 3139 1026 3211 &luxurioso
1044 3144 1079 3212 &
1096 3168 1306 3239 quocumque
1321 3143 1476 3237 sequente

446 3246 577 3318 delicias
604 3247 717 3317 carnis.
740 3245 849 3338 Caym
871 3247 1031 3318 interfecit
1052 3247 1147 3342 Abel,
1174 3250 1240 3320 hoc
1261 3250 1305 3321 est
1324 3245 1475 3346 possessio

445 3353 851 3449 ludium&penirenciam3
863 3354 971 3446 Caym
984 3356 1072 3425 enim
1085 3357 1313 3452 interpretatur
1325 3349 1475 3452 possessio

445 3463 480 3531 &
496 3457 582 3530 Abel
598 3460 711 3531 ludius.

496 3570 591 3638 Item:
621 3569 676 3638 Per
693 3566 781 3637 diem
797 3567 933 3639 Veneris
954 3595 1016 3666 pro
1036 3569 1158 3641 deliciis
1179 3573 1282 3642 carnis
1300 3573 1332 3642 in
1351 3576 1475 3646 comes-

446 3673 537 3744 tione
553 3675 660 3770 pomi,
688 3674 776 3744 facta
794 3698 909 3746 contra
927 3679 990 3748 Dei
1006 3701 1211 3775 preceptum,
1227 3679 1358 3751 intravit
1375 3708 1473 3772 mors,

444 3781 479 3849 &
501 3779 623 3852 eodem
646 3781 710 3874 die,
742 3782 860 3853 scilicet
882 3781 935 3854 die
951 3783 1098 3875 Veneris,
1121 3811 1179 3880 per
1200 3787 1303 3856 carnis
1324 3781 1475 3860 amaritu-

446 3883 558 3957 dinem
580 3890 712 3960 intravit
728 3890 795 3960 vita
817 3890 851 3958 in
874 3915 980 3981 cruce,
1005 3894 1039 3961 ἃ
1061 3889 1264 3986 aperiebatur
1285 3895 1383 3965 ianua
1405 3897 1474 3969 celi.

494 3999 588 4066 ltem:
606 3993 753 4092 Qridam
766 3995 897 4066 rusticus
914 3996 1046 4095 gulosus
1060 3997 1206 4068 comedit
1221 3998 1342 4094 pellem
1356 4006 1475 4074 ventris

444 4098 487 4175 de
503 4101 658 4174 intestinis
675 4099 781 4194 bovis,
797 4105 980 4201 &propter
998 4105 1205 4176 tenacitatem
1221 4105 1315 4206 pellis
1328 4107 1477 4184 remanfit
