3462 5110
419 353 465 425 82

330 599 388 646 121⁸
418 595 541 663 retlam
558 588 659 660 fidem
677 589 814 659 Domini
831 585 929 658 nostri
943 585 1030 656 lhesu
1041 582 1160 656 Christi
1178 581 1365 654 crucifixi&
1378 597 1388 628 ¹
1402 585 1449 657 in·

350 743 357 762 .
418 697 550 772 dividue
567 695 732 767 Trinitatis
755 721 811 766 eos
837 716 1027 766 convertere
1043 689 1211 789 poffimus.

465 808 532 878 Xll.
555 806 645 876 Cum
664 827 774 873 autem
796 803 979 900 cogitarent
995 801 1180 890 Christiani,
1199 800 1336 897 qualiter
1352 826 1450 872 naves

239 931 353 976 Novemb·
367 943 403 990 30·
418 943 534 988 eorum
551 939 721 1011 apponere
739 909 880 1008 pollent,
905 913 940 981 in
959 911 1041 982 festo
1063 912 1171 982 sanai
1196 908 1329 984 Andree
1341 923 1356 955 ²
1367 910 1450 980 ceci-

393 1024 466 1096 fdit
494 1048 561 1094 tam
584 1045 708 1118 magna
733 1019 904 1114 tempestas
928 1015 970 1090 ab
993 1023 1066 1090 aere
1079 1032 1090 1078 3
1103 1020 1138 1088 ἃ
1154 1017 1265 1114 pluvia
1284 1019 1329 1089 ita
1345 1019 1452 1115 super-

417 1128 632 1219 habundavit,
660 1127 778 1224 quod4
797 1123 930 1196 Paradisr
957 1123 1096 1198 fluvius‘s
1114 1151 1183 1197 non
1212 1124 1452 1198 discernebatur

418 1239 551 1324 amari,
569 1240 605 1307 ἃ
625 1263 711 1332 aqua
733 1260 803 1306 tota
829 1235 915 1304 fadla
935 1233 979 1302 est
1002 1232 1207 1304 amariffima.
1235 1232 1277 1304 Ex
1294 1234 1349 1305 illa
1371 1258 1450 1305 tem-

417 1346 538 1442 pestate
568 1347 602 1414 ὅ(
637 1340 807 1439 pulhone⁶
828 1365 1003 1415 ventorum
1028 1344 1143 1413 omnia
1175 1345 1352 1440 temptoria
1380 1343 1452 1412 sunt
1547 1394 1549 1404 .

418 1449 509 1522 scilla
533 1452 650 1523 virtute
676 1474 864 1535 ventorum,
894 1451 929 1518 ὅ(
953 1451 1067 1520 omnia
1086 1448 1162 1520 loca
1188 1451 1344 1522 exercitus
1366 1449 1452 1520 falla
1523 1542 1526 1550 Ι

417 1561 490 1630 sunt
512 1559 645 1653 aquosa,
672 1559 716 1628 ita
737 1555 830 1651 quod
856 1555 1007 1627 homines
1029 1554 1076 1627 ibi
1096 1581 1206 1628 natare
1224 1581 1388 1653 poterant,
1417 1559 1452 1627 δε

417 1667 511 1764 panis
540 1669 576 1736 ἃ
607 1690 719 1735 carnes
748 1667 782 1734 ὅ(
809 1663 912 1734 farina
943 1666 978 1734 dt
1013 1663 1214 1735 frumentum
1246 1668 1281 1735 ἃ
1312 1664 1451 1735 ordeum

417 1776 452 1844 ἃ
480 1775 593 1843 omnia
624 1771 776 1844 vitlualia
801 1773 834 1842 in
869 1772 938 1866 ipsa
967 1768 1125 1841 natabant
1161 1797 1259 1866 aqua,
1289 1775 1324 1843 δι
1358 1771 1452 1841 multi

417 1881 549 1970 infirmi,
586 1881 642 1974 qui
668 1880 701 1948 in
719 1875 790 1974 iphs
809 1878 915 1948 castris
933 1876 1094 1970 iacebant,
1125 1905 1164 1949 ex
1181 1905 1340 1975 aquarum
1356 1879 1452 1950 inun-
1464 1885 1497 1930 Μ·
1510 1883 1526 1930 f·
1539 1885 1570 1931 ⁶²
1586 1883 1616 1936 D«

419 1987 552 2059 datione
574 1987 695 2056 mortui
723 1985 806 2057 sunt.
833 1985 873 2055 Ea
896 2011 974 2056 vero
994 1984 1047 2056 die
1073 1984 1217 2081 quedam
1245 1985 1452 2057 munitiffime

419 2120 517 2167 naves
536 2094 707 2164 maximo⁷
724 2090 836 2163 labore
852 2095 887 2163 δε
903 2091 1078 2163 indefinitis
1091 2091 1236 2190 expensis
1258 2094 1451 2184 construtle,

418 2205 453 2272 in
472 2199 588 2296 quibus
607 2199 690 2271 scale
713 2198 851 2271 mirabili
872 2198 977 2271 modo
999 2201 1147 2272 ordinate
1168 2227 1230 2298 pro
1252 2202 1382 2275 civitate
1399 2227 1451 2274 ca-

419 2308 541 2406 pienda
553 2331 645 2379 erant
659 2305 818 2404 apposite,
837 2311 872 2378 ἃ
884 2307 896 2353 ⁸
908 2309 1012 2380 ventis
1025 2308 1161 2403 impulse
1173 2311 1241 2380 &a
1257 2310 1451 2382 Sarraceno-

418 2443 490 2487 rum
503 2439 595 2511 parte
608 2416 681 2486 sunt
694 2416 850 2512 proietle,
864 2441 956 2512 quas,
971 2412 1065 2486 nobis
1080 2413 1274 2505 videntibus,
1287 2417 1452 2489 Sarraceni

417 2525 495 2620 igne
512 2545 748 2594 cremaverunt.
783 2519 881 2594 Unde
901 2521 1075 2596 Christiani
1094 2521 1264 2618 plandlum
1290 2549 1452 2622 magnum

419 2633 576 2718 fecerunt,
610 2628 781 2699 mestitiam
811 2626 1028 2702 habentes&
1053 2627 1206 2701 dolorem
1227 2630 1376 2721 cordis,9
1403 2630 1450 2702 di·

419 2760 544 2806 centes:
571 2740 657 2805 Deus
677 2741 716 2827 est
736 2737 823 2804 nobis
845 2741 1033 2806 contrarius!
1050 2747 1078 2780 ¹0
1097 2737 1143 2825 ἃ,
1161 2749 1186 2782 ¹¹
1207 2735 1288 2831 quid
1300 2749 1328 2783 ¹²
1346 2736 1451 2808 facere

419 2840 587 2932 deberent,
600 2842 729 2937 penitus
737 2839 945 2938 ignorabant,
959 2844 1199 2937 quia¹³anteire
1208 2869 1277 2915 non
1288 2867 1451 2941 poterant,

419 2972 505 3020 retro
524 2973 603 3020 vero
621 2946 723 3020 redire
741 2974 811 3020 non
828 2948 993 3043 valebant,
1004 2952 1039 3020 δε
1053 2947 1228 3045 src¹4quasr
1245 2949 1404 3047 desperati
1417 2951 1451 3020 in

421 3053 532 3125 sabulo
555 3052 839 3150 permanebant.¹⁵
859 3057 986 3129 Etcum
1008 3054 1172 3153 preditlus
1190 3056 1344 3129 dominus
1360 3056 1451 3154 lega-

420 3187 470 3232 tus
488 3160 567 3233 ellet
579 3163 613 3232 in
633 3188 757 3260 magna
775 3161 981 3236 tribulatione
998 3189 1075 3235 cum
1090 3163 1239 3260 predialis
1251 3164 1451 3252 Christianis,

420 3271 454 3339 in
471 3265 626 3340 foliatum
651 3270 683 3339 se
704 3270 738 3341 in
761 3295 856 3341 cruce
875 3269 1021 3343 extendit
1037 3273 1083 3361 δι,
1107 3270 1317 3368 discooperto
1333 3271 1451 3368 capite,

420 3376 487 3448 alta
503 3401 587 3448 voce
609 3374 776 3448 clamavit:
804 3383 937 3449 Domine
960 3383 1025 3474 Iesu
1044 3381 1169 3470 Christe,
1194 3385 1246 3472 qui
1271 3385 1451 3449 excitatura

422 3488 525 3571 Petro,
555 3488 640 3552 cuius
674 3485 814 3554 navicula
848 3487 1047 3579 demergebat,
1083 3487 1261 3578 respondit:
1300 3485 1452 3555 MODICE

461 3756 468 3787 ι
485 3738 511 3788 P.
520 3737 574 3806 leg.:
590 3737 768 3808 individueque
791 3769 823 3778 —
834 3759 848 3790 2
860 3741 886 3791 P.
891 3739 976 3808 suppl.
986 3741 1084 3805 &.-3
1099 3742 1125 3791 Ρ.
1138 3757 1187 3792 ere.
1203 3768 1234 3778 -
1250 3758 1267 3802 4
1283 3738 1451 3808 M.1eg.=per

420 3835 444 3886 p.
461 3816 574 3869 fluvium.
591 3847 621 3858 —
642 3839 654 3885 ς
674 3821 701 3870 P.
726 3818 839 3870 fluvium.
851 3824 913 3871 -6
937 3821 962 3871 P.
980 3819 1130 3888 expulsione.
1145 3849 1178 3858 —
1193 3837 1206 3883 7
1228 3820 1265 3873 M.
1288 3819 1404 3872 maxime.
1416 3850 1450 3860 -

422 3900 486 3950 8Μ.
506 3916 529 3950 a.
547 3929 579 3938 -
599 3918 612 3964 9
629 3901 693 3952 R&
713 3901 825 3953 dolorem
843 3901 925 3954 cordis
943 3901 1204 3956 habentes—101².
1222 3900 1360 3953 contrarius
1377 3901 1450 3954 nobis

421 3978 463 4030 est.
477 4007 511 4016 -
527 3995 554 4028 11
568 3980 595 4030 P.
600 3980 683 4050 suppl.
697 4011 731 4020 -
748 3998 777 4032 12
789 3983 814 4033 P.
825 3981 903 4050 quod.
918 4011 953 4020 -
963 3999 992 4046 13
1003 3984 1029 4033 P.
1039 3983 1100 4034 add.
1113 3980 1219 4051 penitus.
1231 4010 1267 4020 -
1283 3997 1314 4044 ¹4
1323 3981 1361 4034 M.
1363 3982 1448 4050 suppl.

421 4087 455 4096 -
473 4077 481 4108 r
489 4077 500 4124 ς
528 4056 600 4110 rous
617 4058 658 4110 ht'c
672 4059 754 4126 pastus
766 4061 799 4111 ab
814 4062 848 4112 Et
863 4077 920 4112 cunt
934 4060 1058 4130 predidlus
1071 4059 1145 4130 usque
1156 4062 1194 4114 ad
1206 4060 1316 4112 mensem
1332 4059 1449 4132 februarij

420 4137 484 4206 deest
497 4137 523 4188 in
536 4139 562 4189 P.
